  <div class='ocr_page' id='page_1' title='image "/cluster/home/n/w/nwhite01/storage/ocr_20150623/139/hvd.32044023361710/632.png"; bbox 0 0 4066 6208; ppageno 0'>
   <div class='ocr_carea' id='block_1_1' title="bbox 224 396 383 458">
    <p class='ocr_par' dir='ltr' id='par_1_1' title="bbox 224 396 383 458">
     <span class='ocr_line' id='line_1_1' title="bbox 224 396 383 458; baseline -0.013 0"><span class='ocrx_word' id='word_1_1' title='bbox 224 396 383 458; x_wconf 75' lang='grc'>1253</span> 
     </span>
    </p>
   </div>
   <div class='ocr_carea' id='block_1_2' title="bbox 1541 382 2288 453">
    <p class='ocr_par' dir='ltr' id='par_1_2' title="bbox 1541 382 2288 453">
     <span class='ocr_line' id='line_1_2' title="bbox 1541 382 2288 453; baseline 0.001 -3"><span class='ocrx_word' id='word_1_2' title='bbox 1541 382 1946 453; x_wconf 76' lang='lat' dir='ltr'>THESAURI</span> <span class='ocrx_word' id='word_1_3' title='bbox 1990 386 2141 452; x_wconf 82' lang='lat' dir='ltr'>LIB.</span> <span class='ocrx_word' id='word_1_4' title='bbox 2188 392 2288 453; x_wconf 77' lang='lat' dir='ltr'>IV.</span> 
     </span>
    </p>
   </div>
   <div class='ocr_carea' id='block_1_3' title="bbox 3480 402 3635 463">
    <p class='ocr_par' dir='ltr' id='par_1_3' title="bbox 3480 402 3635 463">
     <span class='ocr_line' id='line_1_3' title="bbox 3480 402 3635 463; baseline 0 -2"><span class='ocrx_word' id='word_1_5' title='bbox 3480 402 3635 463; x_wconf 71' lang='grc'>1254</span> 
     </span>
    </p>
   </div>
   <div class='ocr_carea' id='block_1_4' title="bbox 221 518 3635 602">
    <p class='ocr_par' dir='ltr' id='par_1_4' title="bbox 221 518 3635 602">
     <span class='ocr_line' id='line_1_4' title="bbox 221 518 3635 602; baseline 0.001 -17"><span class='ocrx_word' id='word_1_6' title='bbox 221 534 423 602; x_wconf 86' lang='lat' dir='ltr'>pterea</span> <span class='ocrx_word' id='word_1_7' title='bbox 452 526 628 583; x_wconf 88' lang='lat' dir='ltr'>etiam</span> <span class='ocrx_word' id='word_1_8' title='bbox 663 540 860 581; x_wconf 84' lang='lat' dir='ltr'>semen</span> <span class='ocrx_word' id='word_1_9' title='bbox 897 520 1137 579; x_wconf 79' lang='lat' dir='ltr'>Abrahae</span> <span class='ocrx_word' id='word_1_10' title='bbox 1172 522 1576 577; x_wconf 87' lang='lat' dir='ltr'>universorum</span> <span class='ocrx_word' id='word_1_11' title='bbox 1608 524 1777 589; x_wconf 83' lang='lat' dir='ltr'>Deus,</span> <span class='ocrx_word' id='word_1_12' title='bbox 1811 518 1868 577; x_wconf 85' lang='lat' dir='ltr'>In</span> <span class='ocrx_word' id='word_1_13' title='bbox 1902 518 1955 589; x_wconf 79' lang='grc' dir='ltr'>Α</span> <span class='ocrx_word' id='word_1_14' title='bbox 2053 523 2197 587; x_wconf 86' lang='lat' dir='ltr'>Quin</span> <span class='ocrx_word' id='word_1_15' title='bbox 2253 530 2310 580; x_wconf 87' lang='lat' dir='ltr'>et</span> <span class='ocrx_word' id='word_1_16' title='bbox 2366 525 2572 582; x_wconf 86' lang='lat' dir='ltr'>beatus</span> <span class='ocrx_word' id='word_1_17' title='bbox 2619 527 2934 595; x_wconf 78' lang='lat' dir='ltr'>Apostolus</span> <span class='ocrx_word' id='word_1_18' title='bbox 2992 530 3254 587; x_wconf 87' lang='lat' dir='ltr'>scribens</span> <span class='ocrx_word' id='word_1_19' title='bbox 3310 532 3380 588; x_wconf 87' lang='lat' dir='ltr'>ad</span> <span class='ocrx_word' id='word_1_20' title='bbox 3417 532 3635 590; x_wconf 82' lang='lat' dir='ltr'>Roma—</span> 
     </span>
    </p>
   </div>
   <div class='ocr_carea' id='block_1_5' title="bbox 222 610 1876 687">
    <p class='ocr_par' dir='ltr' id='par_1_5' title="bbox 222 610 1876 687">
     <span class='ocr_line' id='line_1_5' title="bbox 222 610 1876 687; baseline -0.005 -13"><span class='ocrx_word' id='word_1_21' title='bbox 222 618 445 674; x_wconf 89' lang='lat' dir='ltr'>semine</span> <span class='ocrx_word' id='word_1_22' title='bbox 473 616 601 687; x_wconf 82' lang='lat' dir='ltr'>ejus</span> <span class='ocrx_word' id='word_1_23' title='bbox 629 628 833 671; x_wconf 87' lang='lat' dir='ltr'>omnes</span> <span class='ocrx_word' id='word_1_24' title='bbox 868 630 929 669; x_wconf 88' lang='lat' dir='ltr'>se</span> <span class='ocrx_word' id='word_1_25' title='bbox 961 618 1165 685; x_wconf 81' lang='lat' dir='ltr'>gentes</span> <span class='ocrx_word' id='word_1_26' title='bbox 1193 610 1639 665; x_wconf 87' lang='lat' dir='ltr'>benedicturum</span> <span class='ocrx_word' id='word_1_27' title='bbox 1673 618 1730 667; x_wconf 87' lang='lat' dir='ltr'>et</span> <span class='ocrx_word' id='word_1_28' title='bbox 1761 611 1876 665; x_wconf 83' lang='lat' dir='ltr'>Isa-</span> 
     </span>
    </p>
   </div>
   <div class='ocr_carea' id='block_1_6' title="bbox 220 700 1874 771">
    <p class='ocr_par' dir='ltr' id='par_1_6' title="bbox 220 700 1874 771">
     <span class='ocr_line' id='line_1_6' title="bbox 220 700 1874 771; baseline -0.006 -7"><span class='ocrx_word' id='word_1_29' title='bbox 220 724 328 764; x_wconf 86' lang='lat' dir='ltr'>aco</span> <span class='ocrx_word' id='word_1_30' title='bbox 362 712 416 762; x_wconf 87' lang='lat' dir='ltr'>et</span> <span class='ocrx_word' id='word_1_31' title='bbox 462 705 684 761; x_wconf 83' lang='lat' dir='ltr'>Jacobo</span> <span class='ocrx_word' id='word_1_32' title='bbox 749 703 1059 771; x_wconf 71' lang='lat' dir='ltr'>promisit:</span> <span class='ocrx_word' id='word_1_33' title='bbox 1100 706 1161 757; x_wconf 91' lang='lat' dir='ltr'>ut</span> <span class='ocrx_word' id='word_1_34' title='bbox 1196 700 1396 757; x_wconf 86' lang='lat' dir='ltr'>merito</span> <span class='ocrx_word' id='word_1_35' title='bbox 1459 700 1665 756; x_wconf 86' lang='lat' dir='ltr'>beatus</span> <span class='ocrx_word' id='word_1_36' title='bbox 1719 700 1874 754; x_wconf 86' lang='lat' dir='ltr'>idem</span> 
     </span>
    </p>
   </div>
   <div class='ocr_carea' id='block_1_7' title="bbox 218 788 1876 870">
    <p class='ocr_par' dir='ltr' id='par_1_7' title="bbox 218 788 1876 870">
     <span class='ocr_line' id='line_1_7' title="bbox 218 788 1876 870; baseline -0.006 -17"><span class='ocrx_word' id='word_1_37' title='bbox 218 795 537 870; x_wconf 76' lang='lat' dir='ltr'>Apostolus</span> <span class='ocrx_word' id='word_1_38' title='bbox 598 794 669 850; x_wconf 85' lang='lat' dir='ltr'>ad</span> <span class='ocrx_word' id='word_1_39' title='bbox 731 793 969 848; x_wconf 86' lang='lat' dir='ltr'>Galatas</span> <span class='ocrx_word' id='word_1_40' title='bbox 1032 792 1297 847; x_wconf 87' lang='lat' dir='ltr'>scribens</span> <span class='ocrx_word' id='word_1_41' title='bbox 1355 790 1561 845; x_wconf 84' lang='lat' dir='ltr'>dixerit</span> <span class='ocrx_word' id='word_1_42' title='bbox 1600 806 1611 845; x_wconf 91' lang='lat'>:</span> <span class='ocrx_word' id='word_1_43' title='bbox 1649 788 1876 846; x_wconf 73' lang='lat' dir='ltr'>Abrahae</span> 
     </span>
    </p>
   </div>
   <div class='ocr_carea' id='block_1_8' title="bbox 219 879 1874 955">
    <p class='ocr_par' dir='ltr' id='par_1_8' title="bbox 219 879 1874 955">
     <span class='ocr_line' id='line_1_8' title="bbox 219 879 1874 955; baseline -0.006 -12"><span class='ocrx_word' id='word_1_44' title='bbox 219 890 407 943; x_wconf 87' lang='lat' dir='ltr'>autem</span> <span class='ocrx_word' id='word_1_45' title='bbox 434 886 602 941; x_wconf 74' lang='lat' dir='ltr'>dictae</span> <span class='ocrx_word' id='word_1_46' title='bbox 646 888 775 939; x_wconf 88' lang='lat' dir='ltr'>sunt</span> <span class='ocrx_word' id='word_1_47' title='bbox 831 882 1248 955; x_wconf 83' lang='lat' dir='ltr'>promissiones,</span> <span class='ocrx_word' id='word_1_48' title='bbox 1313 891 1363 936; x_wconf 84' lang='lat' dir='ltr'>et</span> <span class='ocrx_word' id='word_1_49' title='bbox 1387 882 1586 937; x_wconf 82' lang='lat' dir='ltr'>semmi</span> <span class='ocrx_word' id='word_1_50' title='bbox 1633 879 1750 950; x_wconf 83' lang='lat' dir='ltr'>ejus</span> <span class='ocrx_word' id='word_1_51' title='bbox 1783 880 1827 915; x_wconf 82' lang='grc'>¹⁶</span> <span class='ocrx_word' id='word_1_52' title='bbox 1862 896 1874 933; x_wconf 87' lang='lat'><strong>:</strong></span> 
     </span>
    </p>
   </div>
   <div class='ocr_carea' id='block_1_9' title="bbox 220 968 1875 1045">
    <p class='ocr_par' dir='ltr' id='par_1_9' title="bbox 220 968 1875 1045">
     <span class='ocr_line' id='line_1_9' title="bbox 220 968 1875 1045; baseline -0.004 -14"><span class='ocrx_word' id='word_1_53' title='bbox 220 981 342 1031; x_wconf 87' lang='lat' dir='ltr'>tum</span> <span class='ocrx_word' id='word_1_54' title='bbox 379 976 594 1031; x_wconf 85' lang='lat' dir='ltr'>docens</span> <span class='ocrx_word' id='word_1_55' title='bbox 626 988 939 1045; x_wconf 79' lang='lat' dir='ltr'>quemnam</span> <span class='ocrx_word' id='word_1_56' title='bbox 975 971 1215 1027; x_wconf 84' lang='lat' dir='ltr'>seminis</span> <span class='ocrx_word' id='word_1_57' title='bbox 1247 970 1634 1043; x_wconf 77' lang='lat' dir='ltr'>appellatione</span> <span class='ocrx_word' id='word_1_58' title='bbox 1658 968 1875 1025; x_wconf 88' lang='lat' dir='ltr'>intelli-</span> 
     </span>
    </p>
   </div>
   <div class='ocr_carea' id='block_1_10' title="bbox 220 1062 1874 1139">
    <p class='ocr_par' dir='ltr' id='par_1_10' title="bbox 220 1062 1874 1139">
     <span class='ocr_line' id='line_1_10' title="bbox 220 1062 1874 1139; baseline -0.002 -18"><span class='ocrx_word' id='word_1_59' title='bbox 220 1072 339 1139; x_wconf 85' lang='lat' dir='ltr'>gat,</span> <span class='ocrx_word' id='word_1_60' title='bbox 376 1068 455 1121; x_wconf 86' lang='lat' dir='ltr'>ita</span> <span class='ocrx_word' id='word_1_61' title='bbox 489 1066 734 1135; x_wconf 83' lang='lat' dir='ltr'>subjicit</span> <span class='ocrx_word' id='word_1_62' title='bbox 766 1083 778 1120; x_wconf 89' lang='lat'>:</span> <span class='ocrx_word' id='word_1_63' title='bbox 814 1062 927 1119; x_wconf 83' lang='lat' dir='ltr'>Non</span> <span class='ocrx_word' id='word_1_64' title='bbox 956 1063 1089 1120; x_wconf 80' lang='lat' dir='ltr'>dicit</span> <span class='ocrx_word' id='word_1_65' title='bbox 1109 1063 1430 1132; x_wconf 87' lang='lat' dir='ltr'>seminibus,</span> <span class='ocrx_word' id='word_1_66' title='bbox 1454 1066 1615 1134; x_wconf 81' lang='lat' dir='ltr'>quasi</span> <span class='ocrx_word' id='word_1_67' title='bbox 1643 1066 1701 1119; x_wconf 86' lang='lat' dir='ltr'>in</span> <span class='ocrx_word' id='word_1_68' title='bbox 1733 1064 1874 1117; x_wconf 86' lang='lat' dir='ltr'>mul-</span> 
     </span>
    </p>
   </div>
   <div class='ocr_carea' id='block_1_11' title="bbox 220 1152 1872 1228">
    <p class='ocr_par' dir='ltr' id='par_1_11' title="bbox 220 1152 1872 1228">
     <span class='ocr_line' id='line_1_11' title="bbox 220 1152 1872 1228; baseline -0.003 -17"><span class='ocrx_word' id='word_1_69' title='bbox 220 1157 315 1222; x_wconf 85' lang='lat' dir='ltr'>tis,</span> <span class='ocrx_word' id='word_1_70' title='bbox 348 1159 441 1211; x_wconf 63' lang='lat' dir='ltr'>sed</span> <span class='ocrx_word' id='word_1_71' title='bbox 474 1157 630 1228; x_wconf 75' lang='lat' dir='ltr'>quasi</span> <span class='ocrx_word' id='word_1_72' title='bbox 657 1158 718 1209; x_wconf 84' lang='lat' dir='ltr'>in</span> <span class='ocrx_word' id='word_1_73' title='bbox 749 1154 1151 1222; x_wconf 77' lang='lat' dir='ltr'>uno,etsemini</span> <span class='ocrx_word' id='word_1_74' title='bbox 1170 1158 1287 1221; x_wconf 88' lang='lat' dir='ltr'>tuo,</span> <span class='ocrx_word' id='word_1_75' title='bbox 1315 1155 1516 1224; x_wconf 80' lang='lat' dir='ltr'>quiest</span> <span class='ocrx_word' id='word_1_76' title='bbox 1540 1152 1789 1208; x_wconf 79' lang='lat' dir='ltr'>Christus</span> <span class='ocrx_word' id='word_1_77' title='bbox 1812 1153 1872 1206; x_wconf 76' lang='grc'>⁸⁷.</span> 
     </span>
    </p>
   </div>
   <div class='ocr_carea' id='block_1_12' title="bbox 220 1241 1877 1314">
    <p class='ocr_par' dir='ltr' id='par_1_12' title="bbox 220 1241 1877 1314">
     <span class='ocr_line' id='line_1_12' title="bbox 220 1241 1877 1314; baseline -0.003 -13"><span class='ocrx_word' id='word_1_78' title='bbox 220 1249 381 1301; x_wconf 84' lang='lat' dir='ltr'>Idem</span> <span class='ocrx_word' id='word_1_79' title='bbox 419 1247 491 1301; x_wconf 88' lang='lat' dir='ltr'>ad</span> <span class='ocrx_word' id='word_1_80' title='bbox 528 1245 792 1300; x_wconf 71' lang='lat' dir='ltr'>ilebreeos</span> <span class='ocrx_word' id='word_1_81' title='bbox 829 1242 1112 1311; x_wconf 86' lang='lat' dir='ltr'>scribens,</span> <span class='ocrx_word' id='word_1_82' title='bbox 1149 1241 1232 1297; x_wconf 92' lang='lat' dir='ltr'>sic</span> <span class='ocrx_word' id='word_1_83' title='bbox 1265 1242 1337 1297; x_wconf 80' lang='lat' dir='ltr'>ait</span> <span class='ocrx_word' id='word_1_84' title='bbox 1378 1260 1390 1299; x_wconf 90' lang='lat'><strong>:</strong></span> <span class='ocrx_word' id='word_1_85' title='bbox 1426 1242 1705 1314; x_wconf 77' lang='lat' dir='ltr'>Nusquam</span> <span class='ocrx_word' id='word_1_86' title='bbox 1727 1245 1877 1297; x_wconf 90' lang='lat' dir='ltr'>enim</span> 
     </span>
    </p>
   </div>
   <div class='ocr_carea' id='block_1_13' title="bbox 219 1329 1875 1403">
    <p class='ocr_par' dir='ltr' id='par_1_13' title="bbox 219 1329 1875 1403">
     <span class='ocr_line' id='line_1_13' title="bbox 219 1329 1875 1403; baseline -0.003 -14"><span class='ocrx_word' id='word_1_87' title='bbox 219 1334 446 1403; x_wconf 81' lang='lat' dir='ltr'>angelos</span> <span class='ocrx_word' id='word_1_88' title='bbox 482 1331 843 1403; x_wconf 77' lang='lat' dir='ltr'>apprehendit</span> <span class='ocrx_word' id='word_1_89' title='bbox 872 1349 891 1387; x_wconf 89' lang='lat'><strong><em>:</em></strong></span> <span class='ocrx_word' id='word_1_90' title='bbox 932 1329 1077 1385; x_wconf 86' lang='lat' dir='ltr'>unde</span> <span class='ocrx_word' id='word_1_91' title='bbox 1107 1330 1294 1386; x_wconf 85' lang='lat' dir='ltr'>debuit</span> <span class='ocrx_word' id='word_1_92' title='bbox 1320 1344 1416 1402; x_wconf 85' lang='lat' dir='ltr'>per</span> <span class='ocrx_word' id='word_1_93' title='bbox 1448 1331 1635 1386; x_wconf 88' lang='lat' dir='ltr'>omnia</span> <span class='ocrx_word' id='word_1_94' title='bbox 1678 1331 1875 1400; x_wconf 43' lang='lat' dir='ltr'>fratris</span> 
     </span>
    </p>
   </div>
   <div class='ocr_carea' id='block_1_14' title="bbox 224 1419 1879 1489">
    <p class='ocr_par' dir='ltr' id='par_1_14' title="bbox 224 1419 1879 1489">
     <span class='ocr_line' id='line_1_14' title="bbox 224 1419 1879 1489; baseline -0.004 -11"><span class='ocrx_word' id='word_1_95' title='bbox 224 1423 325 1478; x_wconf 90' lang='lat' dir='ltr'>bus</span> <span class='ocrx_word' id='word_1_96' title='bbox 354 1422 615 1488; x_wconf 86' lang='lat' dir='ltr'>similari,</span> <span class='ocrx_word' id='word_1_97' title='bbox 650 1426 708 1475; x_wconf 90' lang='lat' dir='ltr'>ut</span> <span class='ocrx_word' id='word_1_98' title='bbox 746 1421 1060 1475; x_wconf 71' lang='lat' dir='ltr'>misericors</span> <span class='ocrx_word' id='word_1_99' title='bbox 1096 1420 1276 1489; x_wconf 77' lang='lat' dir='ltr'>ﬂeret,</span> <span class='ocrx_word' id='word_1_100' title='bbox 1317 1424 1367 1475; x_wconf 88' lang='lat' dir='ltr'>et</span> <span class='ocrx_word' id='word_1_101' title='bbox 1413 1419 1595 1488; x_wconf 82' lang='lat' dir='ltr'>ﬁdelis</span> <span class='ocrx_word' id='word_1_102' title='bbox 1624 1420 1879 1488; x_wconf 76' lang='lat' dir='ltr'>pontifex</span> 
     </span>
    </p>
   </div>
   <div class='ocr_carea' id='block_1_15' title="bbox 221 1506 1877 1581">
    <p class='ocr_par' dir='ltr' id='par_1_15' title="bbox 221 1506 1877 1581">
     <span class='ocr_line' id='line_1_15' title="bbox 221 1506 1877 1581; baseline -0.003 -15"><span class='ocrx_word' id='word_1_103' title='bbox 221 1509 374 1581; x_wconf 83' lang='lat' dir='ltr'>apud</span> <span class='ocrx_word' id='word_1_104' title='bbox 422 1512 585 1565; x_wconf 90' lang='lat' dir='ltr'>Deum</span> <span class='ocrx_word' id='word_1_105' title='bbox 633 1509 696 1565; x_wconf 80' lang='grc'>¹⁸.</span> <span class='ocrx_word' id='word_1_106' title='bbox 732 1510 857 1574; x_wconf 86' lang='lat' dir='ltr'>Qua</span> <span class='ocrx_word' id='word_1_107' title='bbox 881 1507 1059 1565; x_wconf 87' lang='lat' dir='ltr'>etiam</span> <span class='ocrx_word' id='word_1_108' title='bbox 1093 1509 1163 1561; x_wconf 88' lang='lat' dir='ltr'>de</span> <span class='ocrx_word' id='word_1_109' title='bbox 1208 1524 1386 1562; x_wconf 86' lang='lat' dir='ltr'>causa</span> <span class='ocrx_word' id='word_1_110' title='bbox 1429 1524 1561 1561; x_wconf 85' lang='lat' dir='ltr'>cum</span> <span class='ocrx_word' id='word_1_111' title='bbox 1618 1506 1877 1562; x_wconf 86' lang='lat' dir='ltr'>Jacobus</span> 
     </span>
    </p>
   </div>
   <div class='ocr_carea' id='block_1_16' title="bbox 222 1596 1875 1667">
    <p class='ocr_par' dir='ltr' id='par_1_16' title="bbox 222 1596 1875 1667">
     <span class='ocr_line' id='line_1_16' title="bbox 222 1596 1875 1667; baseline -0.004 -12"><span class='ocrx_word' id='word_1_112' title='bbox 222 1599 391 1656; x_wconf 77' lang='lat' dir='ltr'>Judae</span> <span class='ocrx_word' id='word_1_113' title='bbox 452 1598 911 1653; x_wconf 76' lang='lat' dir='ltr'>benedictionem</span> <span class='ocrx_word' id='word_1_114' title='bbox 968 1596 1129 1651; x_wconf 80' lang='lat' dir='ltr'>illam</span> <span class='ocrx_word' id='word_1_115' title='bbox 1182 1596 1528 1667; x_wconf 81' lang='lat' dir='ltr'>impertiret,</span> <span class='ocrx_word' id='word_1_116' title='bbox 1568 1610 1753 1664; x_wconf 76' lang='lat' dir='ltr'>quam</span> <span class='ocrx_word' id='word_1_117' title='bbox 1806 1597 1875 1649; x_wconf 82' lang='lat' dir='ltr'>ab</span> 
     </span>
    </p>
   </div>
   <div class='ocr_carea' id='block_1_17' title="bbox 226 1685 1879 1758">
    <p class='ocr_par' dir='ltr' id='par_1_17' title="bbox 226 1685 1879 1758">
     <span class='ocr_line' id='line_1_17' title="bbox 226 1685 1879 1758; baseline -0.002 -15"><span class='ocrx_word' id='word_1_118' title='bbox 226 1687 632 1743; x_wconf 88' lang='lat' dir='ltr'>universorum</span> <span class='ocrx_word' id='word_1_119' title='bbox 670 1687 785 1743; x_wconf 90' lang='lat' dir='ltr'>Deo</span> <span class='ocrx_word' id='word_1_120' title='bbox 845 1690 1167 1758; x_wconf 86' lang='lat' dir='ltr'>acceperat,</span> <span class='ocrx_word' id='word_1_121' title='bbox 1204 1686 1281 1741; x_wconf 91' lang='lat' dir='ltr'>ita</span> <span class='ocrx_word' id='word_1_122' title='bbox 1327 1685 1470 1740; x_wconf 82' lang='lat' dir='ltr'>dixit</span> <span class='ocrx_word' id='word_1_123' title='bbox 1507 1700 1519 1738; x_wconf 90' lang='lat'>:</span> <span class='ocrx_word' id='word_1_124' title='bbox 1561 1687 1676 1740; x_wconf 88' lang='lat' dir='ltr'>Non</span> <span class='ocrx_word' id='word_1_125' title='bbox 1729 1689 1879 1756; x_wconf 75' lang='lat' dir='ltr'>aufe-</span> 
     </span>
    </p>
   </div>
   <div class='ocr_carea' id='block_1_18' title="bbox 229 1774 1875 1848">
    <p class='ocr_par' dir='ltr' id='par_1_18' title="bbox 229 1774 1875 1848">
     <span class='ocr_line' id='line_1_18' title="bbox 229 1774 1875 1848; baseline -0.001 -17"><span class='ocrx_word' id='word_1_126' title='bbox 229 1786 388 1833; x_wconf 86' lang='lat' dir='ltr'>retur</span> <span class='ocrx_word' id='word_1_127' title='bbox 414 1780 692 1848; x_wconf 76' lang='lat' dir='ltr'>sceptrum</span> <span class='ocrx_word' id='word_1_128' title='bbox 740 1776 804 1831; x_wconf 86' lang='lat' dir='ltr'>de</span> <span class='ocrx_word' id='word_1_129' title='bbox 831 1776 992 1842; x_wconf 83' lang='lat' dir='ltr'>Juda,</span> <span class='ocrx_word' id='word_1_130' title='bbox 1019 1779 1073 1831; x_wconf 86' lang='lat' dir='ltr'>et</span> <span class='ocrx_word' id='word_1_131' title='bbox 1103 1774 1227 1829; x_wconf 70' lang='lat' dir='ltr'>dua:</span> <span class='ocrx_word' id='word_1_132' title='bbox 1269 1776 1332 1829; x_wconf 77' lang='lat' dir='ltr'>de</span> <span class='ocrx_word' id='word_1_133' title='bbox 1358 1778 1565 1845; x_wconf 81' lang='lat' dir='ltr'>femore</span> <span class='ocrx_word' id='word_1_134' title='bbox 1619 1776 1755 1847; x_wconf 85' lang='lat' dir='ltr'>ejus,</span> <span class='ocrx_word' id='word_1_135' title='bbox 1786 1774 1875 1830; x_wconf 87' lang='lat' dir='ltr'>do-</span> 
     </span>
    </p>
   </div>
   <div class='ocr_carea' id='block_1_19' title="bbox 1988 613 3635 691">
    <p class='ocr_par' dir='ltr' id='par_1_19' title="bbox 1988 613 3635 691">
     <span class='ocr_line' id='line_1_19' title="bbox 1988 613 3635 691; baseline 0.007 -25"><span class='ocrx_word' id='word_1_136' title='bbox 1988 629 2110 678; x_wconf 89' lang='lat' dir='ltr'>nos,</span> <span class='ocrx_word' id='word_1_137' title='bbox 2147 613 2203 667; x_wconf 91' lang='lat' dir='ltr'>in</span> <span class='ocrx_word' id='word_1_138' title='bbox 2239 614 2368 684; x_wconf 89' lang='lat' dir='ltr'>ipso</span> <span class='ocrx_word' id='word_1_139' title='bbox 2400 616 2668 687; x_wconf 71' lang='lat' dir='ltr'>Epistolas</span> <span class='ocrx_word' id='word_1_140' title='bbox 2703 618 2986 690; x_wconf 88' lang='lat' dir='ltr'>principio</span> <span class='ocrx_word' id='word_1_141' title='bbox 3019 619 3192 674; x_wconf 84' lang='lat' dir='ltr'>ﬁdem</span> <span class='ocrx_word' id='word_1_142' title='bbox 3224 623 3635 691; x_wconf 82' lang='lat' dir='ltr'>promissionis</span> 
     </span>
    </p>
   </div>
   <div class='ocr_carea' id='block_1_20' title="bbox 1986 701 3633 777">
    <p class='ocr_par' dir='ltr' id='par_1_20' title="bbox 1986 701 3633 777">
     <span class='ocr_line' id='line_1_20' title="bbox 1986 701 3633 777; baseline 0.01 -23"><span class='ocrx_word' id='word_1_143' title='bbox 1986 701 2113 769; x_wconf 87' lang='lat' dir='ltr'>ejus</span> <span class='ocrx_word' id='word_1_144' title='bbox 2164 702 2464 770; x_wconf 84' lang='lat' dir='ltr'>indicavit,</span> <span class='ocrx_word' id='word_1_145' title='bbox 2494 722 2624 777; x_wconf 62' lang='lat' dir='ltr'>qua:</span> <span class='ocrx_word' id='word_1_146' title='bbox 2682 706 2886 762; x_wconf 84' lang='lat' dir='ltr'>Davidi</span> <span class='ocrx_word' id='word_1_147' title='bbox 2948 708 3096 763; x_wconf 82' lang='lat' dir='ltr'>facta</span> <span class='ocrx_word' id='word_1_148' title='bbox 3138 715 3244 765; x_wconf 87' lang='lat' dir='ltr'>est.</span> <span class='ocrx_word' id='word_1_149' title='bbox 3283 711 3371 764; x_wconf 74' lang='lat' dir='ltr'>Ait</span> <span class='ocrx_word' id='word_1_150' title='bbox 3427 711 3580 766; x_wconf 89' lang='lat' dir='ltr'>enim</span> <span class='ocrx_word' id='word_1_151' title='bbox 3619 733 3633 770; x_wconf 90' lang='lat'><strong>:</strong></span> 
     </span>
    </p>
   </div>
   <div class='ocr_carea' id='block_1_21' title="bbox 1985 787 3637 867">
    <p class='ocr_par' dir='ltr' id='par_1_21' title="bbox 1985 787 3637 867">
     <span class='ocr_line' id='line_1_21' title="bbox 1985 787 3637 867; baseline 0.008 -25"><span class='ocrx_word' id='word_1_152' title='bbox 1985 787 2222 857; x_wconf 79' lang='lat' dir='ltr'>Paulus,</span> <span class='ocrx_word' id='word_1_153' title='bbox 2252 807 2445 847; x_wconf 87' lang='lat' dir='ltr'>servus</span> <span class='ocrx_word' id='word_1_154' title='bbox 2471 798 2605 851; x_wconf 85' lang='lat' dir='ltr'>Jesu</span> <span class='ocrx_word' id='word_1_155' title='bbox 2666 793 2907 865; x_wconf 77' lang='lat' dir='ltr'>Christi,</span> <span class='ocrx_word' id='word_1_156' title='bbox 2931 806 3166 852; x_wconf 83' lang='lat' dir='ltr'>vocatus</span> <span class='ocrx_word' id='word_1_157' title='bbox 3223 800 3521 867; x_wconf 84' lang='lat' dir='ltr'>apostolus,</span> <span class='ocrx_word' id='word_1_158' title='bbox 3552 818 3637 856; x_wconf 83' lang='lat' dir='ltr'>se-</span> 
     </span>
    </p>
   </div>
   <div class='ocr_carea' id='block_1_22' title="bbox 1982 881 3633 960">
    <p class='ocr_par' dir='ltr' id='par_1_22' title="bbox 1982 881 3633 960">
     <span class='ocr_line' id='line_1_22' title="bbox 1982 881 3633 960; baseline 0.01 -30"><span class='ocrx_word' id='word_1_159' title='bbox 1982 883 2251 949; x_wconf 78' lang='lat' dir='ltr'>gregatus</span> <span class='ocrx_word' id='word_1_160' title='bbox 2282 881 2341 935; x_wconf 88' lang='lat' dir='ltr'>in</span> <span class='ocrx_word' id='word_1_161' title='bbox 2372 883 2733 955; x_wconf 80' lang='lat' dir='ltr'>Evangelium</span> <span class='ocrx_word' id='word_1_162' title='bbox 2764 885 2883 952; x_wconf 88' lang='lat' dir='ltr'>Dei,</span> <span class='ocrx_word' id='word_1_163' title='bbox 2944 887 3094 956; x_wconf 77' lang='lat' dir='ltr'>quod</span> <span class='ocrx_word' id='word_1_164' title='bbox 3148 887 3479 956; x_wconf 78' lang='lat' dir='ltr'>promiserat</span> <span class='ocrx_word' id='word_1_165' title='bbox 3536 907 3633 960; x_wconf 86' lang='lat' dir='ltr'>per</span> 
     </span>
    </p>
   </div>
   <div class='ocr_carea' id='block_1_23' title="bbox 1980 966 3629 1047">
    <p class='ocr_par' dir='ltr' id='par_1_23' title="bbox 1980 966 3629 1047">
     <span class='ocr_line' id='line_1_23' title="bbox 1980 966 3629 1047; baseline 0.008 -26"><span class='ocrx_word' id='word_1_166' title='bbox 1980 966 2280 1036; x_wconf 74' lang='lat' dir='ltr'>prophetas</span> <span class='ocrx_word' id='word_1_167' title='bbox 2308 985 2435 1025; x_wconf 86' lang='lat' dir='ltr'>suos</span> <span class='ocrx_word' id='word_1_168' title='bbox 2466 973 2525 1025; x_wconf 88' lang='lat' dir='ltr'>in</span> <span class='ocrx_word' id='word_1_169' title='bbox 2580 972 2887 1044; x_wconf 83' lang='lat' dir='ltr'>Scripturis</span> <span class='ocrx_word' id='word_1_170' title='bbox 2933 974 3156 1043; x_wconf 79' lang='lat' dir='ltr'>sanctis,</span> <span class='ocrx_word' id='word_1_171' title='bbox 3192 976 3260 1030; x_wconf 81' lang='lat' dir='ltr'>de</span> <span class='ocrx_word' id='word_1_172' title='bbox 3317 977 3460 1032; x_wconf 86' lang='lat' dir='ltr'>Filio</span> <span class='ocrx_word' id='word_1_173' title='bbox 3509 994 3629 1047; x_wconf 86' lang='lat' dir='ltr'>suo,</span> 
     </span>
    </p>
   </div>
   <div class='ocr_carea' id='block_1_24' title="bbox 1983 1060 3635 1131">
    <p class='ocr_par' dir='ltr' id='par_1_24' title="bbox 1983 1060 3635 1131">
     <span class='ocr_line' id='line_1_24' title="bbox 1983 1060 3635 1131; baseline 0.006 -20"><span class='ocrx_word' id='word_1_174' title='bbox 1983 1060 2083 1127; x_wconf 78' lang='lat' dir='ltr'>qui</span> <span class='ocrx_word' id='word_1_175' title='bbox 2131 1064 2294 1113; x_wconf 86' lang='lat' dir='ltr'>natus</span> <span class='ocrx_word' id='word_1_176' title='bbox 2338 1070 2417 1115; x_wconf 84' lang='lat' dir='ltr'>est</span> <span class='ocrx_word' id='word_1_177' title='bbox 2473 1076 2543 1117; x_wconf 78' lang='lat' dir='ltr'>ea:</span> <span class='ocrx_word' id='word_1_178' title='bbox 2597 1063 2805 1119; x_wconf 82' lang='lat' dir='ltr'>semine</span> <span class='ocrx_word' id='word_1_179' title='bbox 2862 1064 3106 1131; x_wconf 73' lang='lat' dir='ltr'>Davidis,</span> <span class='ocrx_word' id='word_1_180' title='bbox 3150 1066 3450 1122; x_wconf 85' lang='lat' dir='ltr'>secundum</span> <span class='ocrx_word' id='word_1_181' title='bbox 3509 1086 3635 1123; x_wconf 84' lang='lat' dir='ltr'>car-</span> 
     </span>
    </p>
   </div>
   <div class='ocr_carea' id='block_1_25' title="bbox 1983 1146 3633 1224">
    <p class='ocr_par' dir='ltr' id='par_1_25' title="bbox 1983 1146 3633 1224">
     <span class='ocr_line' id='line_1_25' title="bbox 1983 1146 3633 1224; baseline 0.006 -24"><span class='ocrx_word' id='word_1_182' title='bbox 1983 1163 2107 1201; x_wconf 86' lang='lat' dir='ltr'>nem</span> <span class='ocrx_word' id='word_1_183' title='bbox 2140 1146 2204 1202; x_wconf 69' lang='lat'>3°.</span> <span class='ocrx_word' id='word_1_184' title='bbox 2239 1152 2414 1204; x_wconf 85' lang='lat' dir='ltr'>Porro</span> <span class='ocrx_word' id='word_1_185' title='bbox 2441 1166 2506 1206; x_wconf 87' lang='lat' dir='ltr'>eo</span> <span class='ocrx_word' id='word_1_186' title='bbox 2539 1152 2693 1222; x_wconf 89' lang='lat' dir='ltr'>quod</span> <span class='ocrx_word' id='word_1_187' title='bbox 2738 1155 3049 1209; x_wconf 80' lang='lat' dir='ltr'>secundum</span> <span class='ocrx_word' id='word_1_188' title='bbox 3105 1170 3324 1211; x_wconf 83' lang='lat' dir='ltr'>carnem</span> <span class='ocrx_word' id='word_1_189' title='bbox 3385 1157 3633 1224; x_wconf 81' lang='lat' dir='ltr'>addidit,</span> 
     </span>
    </p>
   </div>
   <div class='ocr_carea' id='block_1_26' title="bbox 1983 1237 3621 1306">
    <p class='ocr_par' dir='ltr' id='par_1_26' title="bbox 1983 1237 3621 1306">
     <span class='ocr_line' id='line_1_26' title="bbox 1983 1237 3621 1306; baseline 0.007 -17"><span class='ocrx_word' id='word_1_190' title='bbox 1983 1237 2287 1306; x_wconf 83' lang='lat' dir='ltr'>perspicue</span> <span class='ocrx_word' id='word_1_191' title='bbox 2318 1237 2536 1295; x_wconf 88' lang='lat' dir='ltr'>indicat</span> <span class='ocrx_word' id='word_1_192' title='bbox 2568 1241 2879 1297; x_wconf 86' lang='lat' dir='ltr'>Dominum</span> <span class='ocrx_word' id='word_1_193' title='bbox 2916 1248 3181 1298; x_wconf 87' lang='lat' dir='ltr'>nostrum</span> <span class='ocrx_word' id='word_1_194' title='bbox 3212 1242 3417 1300; x_wconf 86' lang='lat' dir='ltr'>Jesum</span> <span class='ocrx_word' id='word_1_195' title='bbox 3446 1245 3621 1300; x_wconf 86' lang='lat' dir='ltr'>Chri-</span> 
     </span>
    </p>
   </div>
   <div class='ocr_carea' id='block_1_27' title="bbox 1984 1325 3629 1389">
    <p class='ocr_par' dir='ltr' id='par_1_27' title="bbox 1984 1325 3629 1389">
     <span class='ocr_line' id='line_1_27' title="bbox 1984 1325 3629 1389; baseline 0.006 -10"><span class='ocrx_word' id='word_1_196' title='bbox 1984 1330 2141 1381; x_wconf 84' lang='lat' dir='ltr'>stum</span> <span class='ocrx_word' id='word_1_197' title='bbox 2175 1325 2360 1384; x_wconf 85' lang='lat' dir='ltr'>Deum</span> <span class='ocrx_word' id='word_1_198' title='bbox 2412 1328 2597 1384; x_wconf 85' lang='lat' dir='ltr'>fuisse</span> <span class='ocrx_word' id='word_1_199' title='bbox 2651 1333 2784 1385; x_wconf 83' lang='lat' dir='ltr'>ante</span> <span class='ocrx_word' id='word_1_200' title='bbox 2842 1332 3077 1388; x_wconf 79' lang='lat' dir='ltr'>saecula.</span> <span class='ocrx_word' id='word_1_201' title='bbox 3146 1332 3353 1389; x_wconf 86' lang='lat' dir='ltr'>Filium</span> <span class='ocrx_word' id='word_1_202' title='bbox 3414 1339 3629 1389; x_wconf 84' lang='lat' dir='ltr'>autem</span> 
     </span>
    </p>
   </div>
   <div class='ocr_carea' id='block_1_28' title="bbox 1981 1413 3621 1492">
    <p class='ocr_par' dir='ltr' id='par_1_28' title="bbox 1981 1413 3621 1492">
     <span class='ocr_line' id='line_1_28' title="bbox 1981 1413 3621 1492; baseline 0.007 -26"><span class='ocrx_word' id='word_1_203' title='bbox 1981 1413 2201 1471; x_wconf 80' lang='lat' dir='ltr'>Duuidis</span> <span class='ocrx_word' id='word_1_204' title='bbox 2232 1415 2509 1474; x_wconf 58' lang='lat' dir='ltr'>humanm</span> <span class='ocrx_word' id='word_1_205' title='bbox 2531 1424 2752 1474; x_wconf 72' lang='lat' dir='ltr'>natura:</span> <span class='ocrx_word' id='word_1_206' title='bbox 2768 1421 2992 1476; x_wconf 84' lang='lat' dir='ltr'>ratione</span> <span class='ocrx_word' id='word_1_207' title='bbox 3018 1424 3432 1492; x_wconf 81' lang='lat' dir='ltr'>pronuntiavit.</span> <span class='ocrx_word' id='word_1_208' title='bbox 3464 1424 3621 1490; x_wconf 87' lang='lat' dir='ltr'>Quod</span> 
     </span>
    </p>
   </div>
   <div class='ocr_carea' id='block_1_29' title="bbox 1987 1504 3629 1579">
    <p class='ocr_par' dir='ltr' id='par_1_29' title="bbox 1987 1504 3629 1579">
     <span class='ocr_line' id='line_1_29' title="bbox 1987 1504 3629 1579; baseline 0.008 -24"><span class='ocrx_word' id='word_1_209' title='bbox 1987 1506 2052 1556; x_wconf 87' lang='lat' dir='ltr'>ut</span> <span class='ocrx_word' id='word_1_210' title='bbox 2105 1504 2361 1574; x_wconf 84' lang='lat' dir='ltr'>apertius</span> <span class='ocrx_word' id='word_1_211' title='bbox 2432 1508 2681 1571; x_wconf 87' lang='lat' dir='ltr'>doceret,</span> <span class='ocrx_word' id='word_1_212' title='bbox 2744 1508 3049 1577; x_wconf 86' lang='lat' dir='ltr'>subjunxit</span> <span class='ocrx_word' id='word_1_213' title='bbox 3083 1526 3095 1563; x_wconf 91' lang='lat'>:</span> <span class='ocrx_word' id='word_1_214' title='bbox 3131 1511 3235 1579; x_wconf 82' lang='lat' dir='ltr'>Qui</span> <span class='ocrx_word' id='word_1_215' title='bbox 3312 1510 3629 1568; x_wconf 80' lang='lat' dir='ltr'>declaratus</span> 
     </span>
    </p>
   </div>
   <div class='ocr_carea' id='block_1_30' title="bbox 1984 1591 3630 1670">
    <p class='ocr_par' dir='ltr' id='par_1_30' title="bbox 1984 1591 3630 1670">
     <span class='ocr_line' id='line_1_30' title="bbox 1984 1591 3630 1670; baseline 0.007 -25"><span class='ocrx_word' id='word_1_216' title='bbox 1984 1596 2062 1645; x_wconf 87' lang='lat' dir='ltr'>est</span> <span class='ocrx_word' id='word_1_217' title='bbox 2092 1591 2267 1646; x_wconf 82' lang='lat' dir='ltr'>Filius</span> <span class='ocrx_word' id='word_1_218' title='bbox 2296 1592 2394 1648; x_wconf 88' lang='lat' dir='ltr'>Dei</span> <span class='ocrx_word' id='word_1_219' title='bbox 2433 1610 2559 1649; x_wconf 90' lang='lat' dir='ltr'>cum</span> <span class='ocrx_word' id='word_1_220' title='bbox 2588 1597 2854 1664; x_wconf 77' lang='lat' dir='ltr'>potentia,</span> <span class='ocrx_word' id='word_1_221' title='bbox 2909 1612 3010 1667; x_wconf 88' lang='lat' dir='ltr'>per</span> <span class='ocrx_word' id='word_1_222' title='bbox 3067 1596 3330 1668; x_wconf 77' lang='lat' dir='ltr'>Spiritum</span> <span class='ocrx_word' id='word_1_223' title='bbox 3382 1603 3630 1670; x_wconf 84' lang='lat' dir='ltr'>sanctiﬁ-</span> 
     </span>
    </p>
   </div>
   <div class='ocr_carea' id='block_1_31' title="bbox 1982 1682 3636 1755">
    <p class='ocr_par' dir='ltr' id='par_1_31' title="bbox 1982 1682 3636 1755">
     <span class='ocr_line' id='line_1_31' title="bbox 1982 1682 3636 1755; baseline 0.007 -21"><span class='ocrx_word' id='word_1_224' title='bbox 1982 1684 2244 1745; x_wconf 73' lang='lat' dir='ltr'>cationis,</span> <span class='ocrx_word' id='word_1_225' title='bbox 2301 1699 2372 1737; x_wconf 76' lang='lat' dir='ltr'>ex</span> <span class='ocrx_word' id='word_1_226' title='bbox 2427 1697 2486 1738; x_wconf 87' lang='lat' dir='ltr'>eo</span> <span class='ocrx_word' id='word_1_227' title='bbox 2538 1682 2679 1755; x_wconf 87' lang='lat' dir='ltr'>quod</span> <span class='ocrx_word' id='word_1_228' title='bbox 2732 1688 3044 1741; x_wconf 73' lang='lat' dir='ltr'>resurrexit</span> <span class='ocrx_word' id='word_1_229' title='bbox 3095 1706 3129 1741; x_wconf 82' lang='grc' dir='ltr'>(ι</span> <span class='ocrx_word' id='word_1_230' title='bbox 3186 1689 3423 1744; x_wconf 86' lang='lat' dir='ltr'>mortuis</span> <span class='ocrx_word' id='word_1_231' title='bbox 3478 1694 3636 1745; x_wconf 82' lang='lat' dir='ltr'>Jesus</span> 
     </span>
    </p>
   </div>
   <div class='ocr_carea' id='block_1_32' title="bbox 1985 1768 3637 1845">
    <p class='ocr_par' dir='ltr' id='par_1_32' title="bbox 1985 1768 3637 1845">
     <span class='ocr_line' id='line_1_32' title="bbox 1985 1768 3637 1845; baseline 0.007 -23"><span class='ocrx_word' id='word_1_232' title='bbox 1985 1768 2239 1824; x_wconf 82' lang='lat' dir='ltr'>Christus</span> <span class='ocrx_word' id='word_1_233' title='bbox 2274 1771 2539 1826; x_wconf 86' lang='lat' dir='ltr'>Dominus</span> <span class='ocrx_word' id='word_1_234' title='bbox 2579 1780 2778 1827; x_wconf 84' lang='lat' dir='ltr'>noster.</span> <span class='ocrx_word' id='word_1_235' title='bbox 2820 1772 3135 1845; x_wconf 84' lang='lat' dir='ltr'>Postquam</span> <span class='ocrx_word' id='word_1_236' title='bbox 3169 1776 3323 1831; x_wconf 85' lang='lat' dir='ltr'>enim</span> <span class='ocrx_word' id='word_1_237' title='bbox 3375 1794 3637 1834; x_wconf 84' lang='lat' dir='ltr'>resurre-</span> 
     </span>
    </p>
   </div>
   <div class='ocr_carea' id='block_1_33' title="bbox 226 1857 3640 1953">
    <p class='ocr_par' dir='ltr' id='par_1_33' title="bbox 226 1857 3640 1953">
     <span class='ocr_line' id='line_1_33' title="bbox 226 1857 3640 1953; baseline 0 -31"><span class='ocrx_word' id='word_1_238' title='bbox 226 1882 328 1923; x_wconf 82' lang='lat' dir='ltr'>nec</span> <span class='ocrx_word' id='word_1_239' title='bbox 356 1867 539 1922; x_wconf 76' lang='lat' dir='ltr'>veniat</span> <span class='ocrx_word' id='word_1_240' title='bbox 570 1911 584 1935; x_wconf 86' lang='lat'>,</span> <span class='ocrx_word' id='word_1_241' title='bbox 606 1867 706 1936; x_wconf 87' lang='lat' dir='ltr'>gui</span> <span class='ocrx_word' id='word_1_242' title='bbox 735 1865 1034 1920; x_wconf 82' lang='lat' dir='ltr'>mitte-udus</span> <span class='ocrx_word' id='word_1_243' title='bbox 1061 1870 1161 1933; x_wconf 79' lang='lat' dir='ltr'>est,</span> <span class='ocrx_word' id='word_1_244' title='bbox 1194 1874 1248 1920; x_wconf 88' lang='lat' dir='ltr'>et</span> <span class='ocrx_word' id='word_1_245' title='bbox 1270 1865 1385 1936; x_wconf 87' lang='lat' dir='ltr'>ipse</span> <span class='ocrx_word' id='word_1_246' title='bbox 1405 1864 1514 1920; x_wconf 87' lang='lat' dir='ltr'>erit</span> <span class='ocrx_word' id='word_1_247' title='bbox 1543 1867 1876 1936; x_wconf 67' lang='lat' dir='ltr'>exspectatio</span> <span class='ocrx_word' id='word_1_248' title='bbox 1913 1882 1955 1953; x_wconf 75' lang='grc' dir='ltr'><strong>Β</strong></span> <span class='ocrx_word' id='word_1_249' title='bbox 1985 1857 2069 1912; x_wconf 74' lang='lat' dir='ltr'>xit</span> <span class='ocrx_word' id='word_1_250' title='bbox 2096 1876 2130 1913; x_wconf 67' lang='grc' dir='ltr'>α</span> <span class='ocrx_word' id='word_1_251' title='bbox 2189 1860 2457 1953; x_wconf 60' lang='lat' dir='ltr'>mortuis,</span> <span class='ocrx_word' id='word_1_252' title='bbox 2504 1860 2720 1931; x_wconf 79' lang='lat' dir='ltr'>inquit,</span> <span class='ocrx_word' id='word_1_253' title='bbox 2751 1865 2808 1916; x_wconf 87' lang='lat' dir='ltr'>et</span> <span class='ocrx_word' id='word_1_254' title='bbox 2856 1862 3105 1932; x_wconf 84' lang='lat' dir='ltr'>Spiritus</span> <span class='ocrx_word' id='word_1_255' title='bbox 3156 1865 3341 1935; x_wconf 79' lang='lat' dir='ltr'>gratia</span> <span class='ocrx_word' id='word_1_256' title='bbox 3399 1865 3640 1938; x_wconf 83' lang='lat' dir='ltr'>replevit</span> 
     </span>
    </p>
   </div>
   <div class='ocr_carea' id='block_1_34' title="bbox 225 1953 1873 2027">
    <p class='ocr_par' dir='ltr' id='par_1_34' title="bbox 225 1953 1873 2027">
     <span class='ocr_line' id='line_1_34' title="bbox 225 1953 1873 2027; baseline -0.002 -16"><span class='ocrx_word' id='word_1_257' title='bbox 225 1959 471 2025; x_wconf 85' lang='lat' dir='ltr'>gentium</span> <span class='ocrx_word' id='word_1_258' title='bbox 508 1954 571 2009; x_wconf 60' lang='grc' dir='ltr'>ι’.</span> <span class='ocrx_word' id='word_1_259' title='bbox 606 1955 880 2010; x_wconf 72' lang='lat' dir='ltr'>Micbzeas</span> <span class='ocrx_word' id='word_1_260' title='bbox 924 1971 1157 2027; x_wconf 89' lang='lat' dir='ltr'>quoque</span> <span class='ocrx_word' id='word_1_261' title='bbox 1208 1953 1489 2025; x_wconf 82' lang='lat' dir='ltr'>propheta</span> <span class='ocrx_word' id='word_1_262' title='bbox 1539 1954 1873 2008; x_wconf 83' lang='lat' dir='ltr'>vaticinium</span> 
     </span>
    </p>
   </div>
   <div class='ocr_carea' id='block_1_35' title="bbox 228 2044 1881 2112">
    <p class='ocr_par' dir='ltr' id='par_1_35' title="bbox 228 2044 1881 2112">
     <span class='ocr_line' id='line_1_35' title="bbox 228 2044 1881 2112; baseline -0.002 -13"><span class='ocrx_word' id='word_1_263' title='bbox 228 2045 338 2101; x_wconf 93' lang='lat' dir='ltr'>hoc</span> <span class='ocrx_word' id='word_1_264' title='bbox 387 2044 544 2099; x_wconf 87' lang='lat' dir='ltr'>hisce</span> <span class='ocrx_word' id='word_1_265' title='bbox 598 2044 791 2099; x_wconf 81' lang='lat' dir='ltr'>verbis</span> <span class='ocrx_word' id='word_1_266' title='bbox 836 2047 1072 2098; x_wconf 85' lang='lat' dir='ltr'>renovat</span> <span class='ocrx_word' id='word_1_267' title='bbox 1110 2058 1123 2098; x_wconf 90' lang='lat'><strong>:</strong></span> <span class='ocrx_word' id='word_1_268' title='bbox 1158 2044 1221 2099; x_wconf 84' lang='lat' dir='ltr'>Et</span> <span class='ocrx_word' id='word_1_269' title='bbox 1269 2051 1350 2112; x_wconf 91' lang='lat' dir='ltr'>tu,</span> <span class='ocrx_word' id='word_1_270' title='bbox 1406 2044 1698 2108; x_wconf 80' lang='lat' dir='ltr'>Bethleem,</span> <span class='ocrx_word' id='word_1_271' title='bbox 1730 2049 1881 2098; x_wconf 86' lang='lat' dir='ltr'>terra</span> 
     </span>
    </p>
   </div>
   <div class='ocr_carea' id='block_1_36' title="bbox 226 2132 1878 2208">
    <p class='ocr_par' dir='ltr' id='par_1_36' title="bbox 226 2132 1878 2208">
     <span class='ocr_line' id='line_1_36' title="bbox 226 2132 1878 2208; baseline -0.002 -16"><span class='ocrx_word' id='word_1_272' title='bbox 226 2136 387 2203; x_wconf 57' lang='lat' dir='ltr'>Julia,</span> <span class='ocrx_word' id='word_1_273' title='bbox 437 2150 779 2208; x_wconf 83' lang='lat' dir='ltr'>nequaquam</span> <span class='ocrx_word' id='word_1_274' title='bbox 813 2136 1049 2191; x_wconf 83' lang='lat' dir='ltr'>minima</span> <span class='ocrx_word' id='word_1_275' title='bbox 1100 2151 1154 2191; x_wconf 89' lang='lat' dir='ltr'>es</span> <span class='ocrx_word' id='word_1_276' title='bbox 1185 2137 1238 2190; x_wconf 88' lang='lat' dir='ltr'>in</span> <span class='ocrx_word' id='word_1_277' title='bbox 1272 2135 1615 2205; x_wconf 80' lang='lat' dir='ltr'>principibus</span> <span class='ocrx_word' id='word_1_278' title='bbox 1641 2135 1782 2190; x_wconf 84' lang='lat' dir='ltr'>Juda</span> <span class='ocrx_word' id='word_1_279' title='bbox 1812 2132 1878 2188; x_wconf 84' lang='grc'>²⁰.</span> 
     </span>
    </p>
   </div>
   <div class='ocr_carea' id='block_1_37' title="bbox 228 2224 1881 2296">
    <p class='ocr_par' dir='ltr' id='par_1_37' title="bbox 228 2224 1881 2296">
     <span class='ocr_line' id='line_1_37' title="bbox 228 2224 1881 2296; baseline -0.002 -14"><span class='ocrx_word' id='word_1_280' title='bbox 228 2230 314 2282; x_wconf 71' lang='lat'>8.2:</span> <span class='ocrx_word' id='word_1_281' title='bbox 338 2231 391 2281; x_wconf 91' lang='lat' dir='ltr'>te</span> <span class='ocrx_word' id='word_1_282' title='bbox 437 2228 584 2280; x_wconf 84' lang='lat' dir='ltr'>enim</span> <span class='ocrx_word' id='word_1_283' title='bbox 614 2225 758 2280; x_wconf 87' lang='lat' dir='ltr'>mihi</span> <span class='ocrx_word' id='word_1_284' title='bbox 806 2224 1061 2281; x_wconf 82' lang='lat' dir='ltr'>adveniet</span> <span class='ocrx_word' id='word_1_285' title='bbox 1098 2225 1235 2291; x_wconf 71' lang='lat' dir='ltr'>dum,</span> <span class='ocrx_word' id='word_1_286' title='bbox 1261 2232 1310 2280; x_wconf 87' lang='lat' dir='ltr'>et</span> <span class='ocrx_word' id='word_1_287' title='bbox 1364 2239 1609 2296; x_wconf 86' lang='lat' dir='ltr'>egressus</span> <span class='ocrx_word' id='word_1_288' title='bbox 1655 2225 1771 2292; x_wconf 75' lang='lat' dir='ltr'>eius</span> <span class='ocrx_word' id='word_1_289' title='bbox 1812 2224 1881 2279; x_wconf 92' lang='lat' dir='ltr'>ab</span> 
     </span>
    </p>
   </div>
   <div class='ocr_carea' id='block_1_38' title="bbox 231 2312 1880 2385">
    <p class='ocr_par' dir='ltr' id='par_1_38' title="bbox 231 2312 1880 2385">
     <span class='ocr_line' id='line_1_38' title="bbox 231 2312 1880 2385; baseline -0.002 -15"><span class='ocrx_word' id='word_1_290' title='bbox 231 2316 481 2382; x_wconf 75' lang='lat' dir='ltr'>initio,a</span> <span class='ocrx_word' id='word_1_291' title='bbox 514 2312 712 2370; x_wconf 84' lang='lat' dir='ltr'>diebus</span> <span class='ocrx_word' id='word_1_292' title='bbox 765 2315 1101 2370; x_wconf 69' lang='lat' dir='ltr'>aeternitatis</span> <span class='ocrx_word' id='word_1_293' title='bbox 1132 2313 1201 2369; x_wconf 67' lang='lat'>’1.</span> <span class='ocrx_word' id='word_1_294' title='bbox 1254 2313 1465 2369; x_wconf 87' lang='lat' dir='ltr'>Beatus</span> <span class='ocrx_word' id='word_1_295' title='bbox 1520 2313 1658 2369; x_wconf 88' lang='lat' dir='ltr'>item</span> <span class='ocrx_word' id='word_1_296' title='bbox 1718 2314 1880 2385; x_wconf 87' lang='lat' dir='ltr'>Apo-</span> 
     </span>
    </p>
   </div>
   <div class='ocr_carea' id='block_1_39' title="bbox 229 2398 1883 2475">
    <p class='ocr_par' dir='ltr' id='par_1_39' title="bbox 229 2398 1883 2475">
     <span class='ocr_line' id='line_1_39' title="bbox 229 2398 1883 2475; baseline -0.004 -15"><span class='ocrx_word' id='word_1_297' title='bbox 229 2403 425 2460; x_wconf 88' lang='lat' dir='ltr'>stolus</span> <span class='ocrx_word' id='word_1_298' title='bbox 456 2402 891 2475; x_wconf 68' lang='lat' dir='ltr'>praedictionum</span> <span class='ocrx_word' id='word_1_299' title='bbox 935 2401 1110 2458; x_wconf 85' lang='lat' dir='ltr'>ﬁnem</span> <span class='ocrx_word' id='word_1_300' title='bbox 1159 2407 1526 2468; x_wconf 87' lang='lat' dir='ltr'>ostensurus,</span> <span class='ocrx_word' id='word_1_301' title='bbox 1559 2402 1641 2457; x_wconf 88' lang='lat' dir='ltr'>ita</span> <span class='ocrx_word' id='word_1_302' title='bbox 1699 2398 1883 2456; x_wconf 87' lang='lat' dir='ltr'>excla-</span> 
     </span>
    </p>
   </div>
   <div class='ocr_carea' id='block_1_40' title="bbox 235 2490 1883 2563">
    <p class='ocr_par' dir='ltr' id='par_1_40' title="bbox 235 2490 1883 2563">
     <span class='ocr_line' id='line_1_40' title="bbox 235 2490 1883 2563; baseline -0.002 -15"><span class='ocrx_word' id='word_1_303' title='bbox 235 2500 357 2548; x_wconf 83' lang='lat' dir='ltr'>mat</span> <span class='ocrx_word' id='word_1_304' title='bbox 393 2509 406 2547; x_wconf 88' lang='lat'><strong>:</strong></span> <span class='ocrx_word' id='word_1_305' title='bbox 443 2494 805 2563; x_wconf 71' lang='lat' dir='ltr'>Manifestum</span> <span class='ocrx_word' id='word_1_306' title='bbox 857 2496 935 2547; x_wconf 83' lang='lat' dir='ltr'>est</span> <span class='ocrx_word' id='word_1_307' title='bbox 987 2492 1136 2547; x_wconf 86' lang='lat' dir='ltr'>enim</span> <span class='ocrx_word' id='word_1_308' title='bbox 1168 2490 1306 2563; x_wconf 89' lang='lat' dir='ltr'>quod</span> <span class='ocrx_word' id='word_1_309' title='bbox 1335 2508 1403 2548; x_wconf 79' lang='lat' dir='ltr'>ea:</span> <span class='ocrx_word' id='word_1_310' title='bbox 1452 2491 1592 2547; x_wconf 85' lang='lat' dir='ltr'>Juda</span> <span class='ocrx_word' id='word_1_311' title='bbox 1631 2496 1783 2545; x_wconf 84' lang='lat' dir='ltr'>ortus</span> <span class='ocrx_word' id='word_1_312' title='bbox 1812 2490 1883 2545; x_wconf 81' lang='lat' dir='ltr'>sit</span> 
     </span>
    </p>
   </div>
   <div class='ocr_carea' id='block_1_41' title="bbox 234 2581 813 2637">
    <p class='ocr_par' dir='ltr' id='par_1_41' title="bbox 234 2581 813 2637">
     <span class='ocr_line' id='line_1_41' title="bbox 234 2581 813 2637; baseline -0.003 -2"><span class='ocrx_word' id='word_1_313' title='bbox 234 2581 501 2635; x_wconf 87' lang='lat' dir='ltr'>Dominus</span> <span class='ocrx_word' id='word_1_314' title='bbox 530 2591 719 2637; x_wconf 87' lang='lat' dir='ltr'>noster</span> <span class='ocrx_word' id='word_1_315' title='bbox 748 2581 813 2633; x_wconf 80' lang='grc'><strong>²².</strong></span> 
     </span>
    </p>
   </div>
   <div class='ocr_carea' id='block_1_42' title="bbox 306 2669 1882 2743">
    <p class='ocr_par' dir='ltr' id='par_1_42' title="bbox 306 2669 1882 2743">
     <span class='ocr_line' id='line_1_42' title="bbox 306 2669 1882 2743; baseline -0.001 -18"><span class='ocrx_word' id='word_1_316' title='bbox 306 2670 421 2726; x_wconf 86' lang='lat' dir='ltr'>Has</span> <span class='ocrx_word' id='word_1_317' title='bbox 452 2673 614 2743; x_wconf 87' lang='lat' dir='ltr'>ipsas</span> <span class='ocrx_word' id='word_1_318' title='bbox 658 2669 1075 2742; x_wconf 87' lang='lat' dir='ltr'>promissiones</span> <span class='ocrx_word' id='word_1_319' title='bbox 1107 2670 1353 2727; x_wconf 84' lang='lat' dir='ltr'>Davides</span> <span class='ocrx_word' id='word_1_320' title='bbox 1403 2685 1635 2743; x_wconf 85' lang='lat' dir='ltr'>quoque</span> <span class='ocrx_word' id='word_1_321' title='bbox 1684 2686 1777 2726; x_wconf 84' lang='lat' dir='ltr'>rex</span> <span class='ocrx_word' id='word_1_322' title='bbox 1827 2673 1882 2724; x_wconf 88' lang='lat' dir='ltr'>et</span> 
     </span>
    </p>
   </div>
   <div class='ocr_carea' id='block_1_43' title="bbox 230 2760 1880 2832">
    <p class='ocr_par' dir='ltr' id='par_1_43' title="bbox 230 2760 1880 2832">
     <span class='ocr_line' id='line_1_43' title="bbox 230 2760 1880 2832; baseline 0.002 -18"><span class='ocrx_word' id='word_1_323' title='bbox 230 2761 518 2832; x_wconf 87' lang='lat' dir='ltr'>pr0pheta</span> <span class='ocrx_word' id='word_1_324' title='bbox 568 2760 641 2816; x_wconf 88' lang='lat' dir='ltr'>ab</span> <span class='ocrx_word' id='word_1_325' title='bbox 692 2761 1092 2816; x_wconf 90' lang='lat' dir='ltr'>universorum</span> <span class='ocrx_word' id='word_1_326' title='bbox 1148 2764 1259 2816; x_wconf 91' lang='lat' dir='ltr'>Deo</span> <span class='ocrx_word' id='word_1_327' title='bbox 1290 2761 1530 2831; x_wconf 86' lang='lat' dir='ltr'>accepit.</span> <span class='ocrx_word' id='word_1_328' title='bbox 1582 2760 1677 2816; x_wconf 88' lang='lat' dir='ltr'>Ait</span> <span class='ocrx_word' id='word_1_329' title='bbox 1725 2761 1880 2818; x_wconf 89' lang='lat' dir='ltr'>enim</span> 
     </span>
    </p>
   </div>
   <div class='ocr_carea' id='block_1_44' title="bbox 228 2850 1883 2921">
    <p class='ocr_par' dir='ltr' id='par_1_44' title="bbox 228 2850 1883 2921">
     <span class='ocr_line' id='line_1_44' title="bbox 228 2850 1883 2921; baseline 0 -15"><span class='ocrx_word' id='word_1_330' title='bbox 228 2851 303 2906; x_wconf 88' lang='lat' dir='ltr'>ad</span> <span class='ocrx_word' id='word_1_331' title='bbox 368 2850 613 2921; x_wconf 87' lang='lat' dir='ltr'>ipsum:</span> <span class='ocrx_word' id='word_1_332' title='bbox 655 2850 828 2921; x_wconf 81' lang='lat' dir='ltr'>Usque</span> <span class='ocrx_word' id='word_1_333' title='bbox 883 2853 942 2904; x_wconf 91' lang='lat' dir='ltr'>in</span> <span class='ocrx_word' id='word_1_334' title='bbox 1000 2860 1275 2906; x_wconf 73' lang='lat' dir='ltr'>aeternum</span> <span class='ocrx_word' id='word_1_335' title='bbox 1321 2850 1645 2920; x_wconf 71' lang='lat' dir='ltr'>praeparabo</span> <span class='ocrx_word' id='word_1_336' title='bbox 1700 2868 1883 2906; x_wconf 87' lang='lat' dir='ltr'>semen</span> 
     </span>
    </p>
   </div>
   <div class='ocr_carea' id='block_1_45' title="bbox 229 2938 1885 3008">
    <p class='ocr_par' dir='ltr' id='par_1_45' title="bbox 229 2938 1885 3008">
     <span class='ocr_line' id='line_1_45' title="bbox 229 2938 1885 3008; baseline 0 -14"><span class='ocrx_word' id='word_1_337' title='bbox 229 2945 414 3005; x_wconf 88' lang='lat' dir='ltr'>tuum,</span> <span class='ocrx_word' id='word_1_338' title='bbox 448 2944 497 2994; x_wconf 90' lang='lat' dir='ltr'>et</span> <span class='ocrx_word' id='word_1_339' title='bbox 526 2938 808 3008; x_wconf 65' lang='lat' dir='ltr'>aedificabo</span> <span class='ocrx_word' id='word_1_340' title='bbox 840 2939 900 2993; x_wconf 88' lang='lat' dir='ltr'>in</span> <span class='ocrx_word' id='word_1_341' title='bbox 948 2939 1358 3008; x_wconf 86' lang='lat' dir='ltr'>generationem</span> <span class='ocrx_word' id='word_1_342' title='bbox 1387 2941 1437 2993; x_wconf 89' lang='lat' dir='ltr'>et</span> <span class='ocrx_word' id='word_1_343' title='bbox 1477 2939 1885 3007; x_wconf 77' lang='lat' dir='ltr'>generationem</span> 
     </span>
    </p>
   </div>
   <div class='ocr_carea' id='block_1_46' title="bbox 227 3026 1883 3100">
    <p class='ocr_par' dir='ltr' id='par_1_46' title="bbox 227 3026 1883 3100">
     <span class='ocr_line' id='line_1_46' title="bbox 227 3026 1883 3100; baseline 0.001 -17"><span class='ocrx_word' id='word_1_344' title='bbox 227 3027 423 3084; x_wconf 87' lang='lat' dir='ltr'>sedem</span> <span class='ocrx_word' id='word_1_345' title='bbox 445 3037 594 3083; x_wconf 88' lang='lat' dir='ltr'>tuam</span> <span class='ocrx_word' id='word_1_346' title='bbox 620 3027 685 3084; x_wconf 79' lang='grc'>³³.</span> <span class='ocrx_word' id='word_1_347' title='bbox 714 3032 855 3083; x_wconf 79' lang='lat' dir='ltr'>Item</span> <span class='ocrx_word' id='word_1_348' title='bbox 892 3028 1006 3083; x_wconf 87' lang='lat' dir='ltr'>alia</span> <span class='ocrx_word' id='word_1_349' title='bbox 1060 3026 1178 3083; x_wconf 92' lang='lat' dir='ltr'>loco</span> <span class='ocrx_word' id='word_1_350' title='bbox 1211 3046 1231 3081; x_wconf 89' lang='lat'><strong><em>:</em></strong></span> <span class='ocrx_word' id='word_1_351' title='bbox 1260 3030 1330 3082; x_wconf 86' lang='lat' dir='ltr'>Et</span> <span class='ocrx_word' id='word_1_352' title='bbox 1355 3044 1555 3100; x_wconf 85' lang='lat' dir='ltr'>ponam</span> <span class='ocrx_word' id='word_1_353' title='bbox 1610 3030 1667 3084; x_wconf 88' lang='lat' dir='ltr'>in</span> <span class='ocrx_word' id='word_1_354' title='bbox 1717 3044 1883 3086; x_wconf 62' lang='lat' dir='ltr'>saecu-</span> 
     </span>
    </p>
   </div>
   <div class='ocr_carea' id='block_1_47' title="bbox 230 3116 1885 3188">
    <p class='ocr_par' dir='ltr' id='par_1_47' title="bbox 230 3116 1885 3188">
     <span class='ocr_line' id='line_1_47' title="bbox 230 3116 1885 3188; baseline 0.001 -17"><span class='ocrx_word' id='word_1_355' title='bbox 230 3118 353 3172; x_wconf 89' lang='lat' dir='ltr'>lum</span> <span class='ocrx_word' id='word_1_356' title='bbox 384 3116 577 3174; x_wconf 58' lang='lat' dir='ltr'>sweuli</span> <span class='ocrx_word' id='word_1_357' title='bbox 619 3133 803 3173; x_wconf 89' lang='lat' dir='ltr'>semen</span> <span class='ocrx_word' id='word_1_358' title='bbox 830 3118 945 3188; x_wconf 87' lang='lat' dir='ltr'>ejus</span> <span class='ocrx_word' id='word_1_359' title='bbox 976 3134 995 3170; x_wconf 88' lang='lat'><strong><em>:</em></strong></span> <span class='ocrx_word' id='word_1_360' title='bbox 1026 3125 1078 3172; x_wconf 88' lang='lat' dir='ltr'>et</span> <span class='ocrx_word' id='word_1_361' title='bbox 1110 3118 1367 3172; x_wconf 85' lang='lat' dir='ltr'>thronum</span> <span class='ocrx_word' id='word_1_362' title='bbox 1415 3117 1529 3188; x_wconf 89' lang='lat' dir='ltr'>ejus</span> <span class='ocrx_word' id='word_1_363' title='bbox 1577 3120 1719 3175; x_wconf 85' lang='lat' dir='ltr'>sicut</span> <span class='ocrx_word' id='word_1_364' title='bbox 1766 3119 1885 3172; x_wconf 84' lang='lat' dir='ltr'>dies</span> 
     </span>
    </p>
   </div>
   <div class='ocr_carea' id='block_1_48' title="bbox 227 3206 1878 3279">
    <p class='ocr_par' dir='ltr' id='par_1_48' title="bbox 227 3206 1878 3279">
     <span class='ocr_line' id='line_1_48' title="bbox 227 3206 1878 3279; baseline 0.001 -18"><span class='ocrx_word' id='word_1_365' title='bbox 227 3206 362 3261; x_wconf 67' lang='lat' dir='ltr'>(teli</span> <span class='ocrx_word' id='word_1_366' title='bbox 387 3206 451 3261; x_wconf 61' lang='grc' dir='ltr'>ει.</span> <span class='ocrx_word' id='word_1_367' title='bbox 489 3206 551 3262; x_wconf 86' lang='lat' dir='ltr'>Et</span> <span class='ocrx_word' id='word_1_368' title='bbox 585 3206 758 3277; x_wconf 88' lang='lat' dir='ltr'>paulo</span> <span class='ocrx_word' id='word_1_369' title='bbox 791 3212 921 3279; x_wconf 85' lang='lat' dir='ltr'>post</span> <span class='ocrx_word' id='word_1_370' title='bbox 955 3224 967 3260; x_wconf 92' lang='lat'>:</span> <span class='ocrx_word' id='word_1_371' title='bbox 1000 3206 1178 3262; x_wconf 83' lang='lat' dir='ltr'>Semel</span> <span class='ocrx_word' id='word_1_372' title='bbox 1209 3207 1400 3278; x_wconf 82' lang='lat' dir='ltr'>jurauz</span> <span class='ocrx_word' id='word_1_373' title='bbox 1434 3210 1491 3261; x_wconf 88' lang='lat' dir='ltr'>in</span> <span class='ocrx_word' id='word_1_374' title='bbox 1521 3215 1708 3263; x_wconf 87' lang='lat' dir='ltr'>sancto</span> <span class='ocrx_word' id='word_1_375' title='bbox 1737 3223 1878 3273; x_wconf 86' lang='lat' dir='ltr'>meo,</span> 
     </span>
    </p>
   </div>
   <div class='ocr_carea' id='block_1_49' title="bbox 225 3295 1880 3368">
    <p class='ocr_par' dir='ltr' id='par_1_49' title="bbox 225 3295 1880 3368">
     <span class='ocr_line' id='line_1_49' title="bbox 225 3295 1880 3368; baseline 0.001 -17"><span class='ocrx_word' id='word_1_376' title='bbox 225 3298 284 3351; x_wconf 88' lang='lat' dir='ltr'>si</span> <span class='ocrx_word' id='word_1_377' title='bbox 318 3297 521 3350; x_wconf 86' lang='lat' dir='ltr'>Davidi</span> <span class='ocrx_word' id='word_1_378' title='bbox 556 3298 818 3361; x_wconf 87' lang='lat' dir='ltr'>mentiar,</span> <span class='ocrx_word' id='word_1_379' title='bbox 849 3312 1029 3352; x_wconf 80' lang='lat' dir='ltr'>semen</span> <span class='ocrx_word' id='word_1_380' title='bbox 1070 3297 1189 3368; x_wconf 87' lang='lat' dir='ltr'>ejus</span> <span class='ocrx_word' id='word_1_381' title='bbox 1247 3300 1304 3350; x_wconf 83' lang='lat' dir='ltr'>in</span> <span class='ocrx_word' id='word_1_382' title='bbox 1351 3295 1610 3351; x_wconf 61' lang='lat' dir='ltr'>saculum</span> <span class='ocrx_word' id='word_1_383' title='bbox 1668 3307 1880 3352; x_wconf 84' lang='lat' dir='ltr'>manet.</span> 
     </span>
    </p>
   </div>
   <div class='ocr_carea' id='block_1_50' title="bbox 228 3384 1884 3457">
    <p class='ocr_par' dir='ltr' id='par_1_50' title="bbox 228 3384 1884 3457">
     <span class='ocr_line' id='line_1_50' title="bbox 228 3384 1884 3457; baseline 0.001 -17"><span class='ocrx_word' id='word_1_384' title='bbox 228 3386 299 3440; x_wconf 86' lang='lat' dir='ltr'>Et</span> <span class='ocrx_word' id='word_1_385' title='bbox 333 3386 557 3441; x_wconf 85' lang='lat' dir='ltr'>thronus</span> <span class='ocrx_word' id='word_1_386' title='bbox 604 3386 720 3457; x_wconf 87' lang='lat' dir='ltr'>ejus</span> <span class='ocrx_word' id='word_1_387' title='bbox 750 3387 893 3441; x_wconf 85' lang='lat' dir='ltr'>sicut</span> <span class='ocrx_word' id='word_1_388' title='bbox 949 3384 1037 3441; x_wconf 90' lang='lat' dir='ltr'>sol</span> <span class='ocrx_word' id='word_1_389' title='bbox 1094 3400 1278 3441; x_wconf 87' lang='lat' dir='ltr'>coram</span> <span class='ocrx_word' id='word_1_390' title='bbox 1318 3401 1423 3453; x_wconf 87' lang='lat' dir='ltr'>me,</span> <span class='ocrx_word' id='word_1_391' title='bbox 1457 3392 1511 3441; x_wconf 86' lang='lat' dir='ltr'>et</span> <span class='ocrx_word' id='word_1_392' title='bbox 1553 3385 1694 3442; x_wconf 84' lang='lat' dir='ltr'>sicut</span> <span class='ocrx_word' id='word_1_393' title='bbox 1753 3384 1884 3442; x_wconf 88' lang='lat' dir='ltr'>luna</span> 
     </span>
    </p>
   </div>
   <div class='ocr_carea' id='block_1_51' title="bbox 226 3472 1885 3546">
    <p class='ocr_par' dir='ltr' id='par_1_51' title="bbox 226 3472 1885 3546">
     <span class='ocr_line' id='line_1_51' title="bbox 226 3472 1885 3546; baseline 0.001 -17"><span class='ocrx_word' id='word_1_394' title='bbox 226 3478 500 3546; x_wconf 81' lang='lat' dir='ltr'>perfecta,</span> <span class='ocrx_word' id='word_1_395' title='bbox 523 3481 575 3528; x_wconf 88' lang='lat' dir='ltr'>et</span> <span class='ocrx_word' id='word_1_396' title='bbox 624 3476 772 3529; x_wconf 82' lang='lat' dir='ltr'>testis</span> <span class='ocrx_word' id='word_1_397' title='bbox 816 3472 877 3528; x_wconf 88' lang='lat' dir='ltr'>in</span> <span class='ocrx_word' id='word_1_398' title='bbox 907 3475 1037 3529; x_wconf 66' lang='lat' dir='ltr'>creto</span> <span class='ocrx_word' id='word_1_399' title='bbox 1066 3474 1247 3542; x_wconf 80' lang='lat' dir='ltr'>ﬁdelis</span> <span class='ocrx_word' id='word_1_400' title='bbox 1294 3472 1359 3528; x_wconf 71' lang='grc'>⁸³⁸.</span> <span class='ocrx_word' id='word_1_401' title='bbox 1394 3477 1509 3530; x_wconf 88' lang='lat' dir='ltr'>Has</span> <span class='ocrx_word' id='word_1_402' title='bbox 1561 3473 1719 3546; x_wconf 83' lang='lat' dir='ltr'>ipsas</span> <span class='ocrx_word' id='word_1_403' title='bbox 1750 3476 1885 3531; x_wconf 87' lang='lat' dir='ltr'>item</span> 
     </span>
    </p>
   </div>
   <div class='ocr_carea' id='block_1_52' title="bbox 230 3561 1887 3635">
    <p class='ocr_par' dir='ltr' id='par_1_52' title="bbox 230 3561 1887 3635">
     <span class='ocr_line' id='line_1_52' title="bbox 230 3561 1887 3635; baseline 0.002 -19"><span class='ocrx_word' id='word_1_404' title='bbox 230 3562 663 3635; x_wconf 88' lang='lat' dir='ltr'>promissiones</span> <span class='ocrx_word' id='word_1_405' title='bbox 702 3580 801 3633; x_wconf 89' lang='lat' dir='ltr'>per</span> <span class='ocrx_word' id='word_1_406' title='bbox 833 3561 1045 3618; x_wconf 86' lang='lat' dir='ltr'>Isaiam</span> <span class='ocrx_word' id='word_1_407' title='bbox 1109 3561 1455 3634; x_wconf 85' lang='lat' dir='ltr'>prophetam</span> <span class='ocrx_word' id='word_1_408' title='bbox 1490 3565 1683 3621; x_wconf 78' lang='lat' dir='ltr'>denuo</span> <span class='ocrx_word' id='word_1_409' title='bbox 1714 3582 1887 3621; x_wconf 82' lang='lat' dir='ltr'>verax</span> 
     </span>
    </p>
   </div>
   <div class='ocr_carea' id='block_1_53' title="bbox 229 3648 1888 3726">
    <p class='ocr_par' dir='ltr' id='par_1_53' title="bbox 229 3648 1888 3726">
     <span class='ocr_line' id='line_1_53' title="bbox 229 3648 1888 3726; baseline 0.001 -21"><span class='ocrx_word' id='word_1_410' title='bbox 229 3648 339 3705; x_wconf 86' lang='lat' dir='ltr'>ille</span> <span class='ocrx_word' id='word_1_411' title='bbox 385 3650 662 3706; x_wconf 76' lang='lat' dir='ltr'>Dominus</span> <span class='ocrx_word' id='word_1_412' title='bbox 718 3651 1011 3707; x_wconf 84' lang='lat' dir='ltr'>renovavit</span> <span class='ocrx_word' id='word_1_413' title='bbox 1046 3668 1059 3706; x_wconf 88' lang='lat'><strong>:</strong></span> <span class='ocrx_word' id='word_1_414' title='bbox 1094 3650 1422 3720; x_wconf 85' lang='lat' dir='ltr'>Egredietur</span> <span class='ocrx_word' id='word_1_415' title='bbox 1458 3653 1626 3720; x_wconf 87' lang='lat' dir='ltr'>enim,</span> <span class='ocrx_word' id='word_1_416' title='bbox 1670 3652 1888 3726; x_wconf 88' lang='lat' dir='ltr'>inquit,</span> 
     </span>
    </p>
   </div>
   <div class='ocr_carea' id='block_1_54' title="bbox 232 3738 1889 3812">
    <p class='ocr_par' dir='ltr' id='par_1_54' title="bbox 232 3738 1889 3812">
     <span class='ocr_line' id='line_1_54' title="bbox 232 3738 1889 3812; baseline 0.001 -16"><span class='ocrx_word' id='word_1_417' title='bbox 232 3742 403 3810; x_wconf 81' lang='lat' dir='ltr'>virga</span> <span class='ocrx_word' id='word_1_418' title='bbox 434 3739 498 3796; x_wconf 87' lang='lat' dir='ltr'>de</span> <span class='ocrx_word' id='word_1_419' title='bbox 526 3740 711 3797; x_wconf 86' lang='lat' dir='ltr'>radice</span> <span class='ocrx_word' id='word_1_420' title='bbox 769 3742 935 3808; x_wconf 76' lang='lat' dir='ltr'>Iesse,</span> <span class='ocrx_word' id='word_1_421' title='bbox 969 3744 1024 3796; x_wconf 88' lang='lat' dir='ltr'>et</span> <span class='ocrx_word' id='word_1_422' title='bbox 1053 3742 1152 3812; x_wconf 85' lang='lat' dir='ltr'>ﬂos</span> <span class='ocrx_word' id='word_1_423' title='bbox 1182 3738 1247 3796; x_wconf 83' lang='lat' dir='ltr'>de</span> <span class='ocrx_word' id='word_1_424' title='bbox 1299 3740 1481 3798; x_wconf 84' lang='lat' dir='ltr'>radice</span> <span class='ocrx_word' id='word_1_425' title='bbox 1534 3742 1652 3811; x_wconf 73' lang='lat' dir='ltr'>eius</span> <span class='ocrx_word' id='word_1_426' title='bbox 1702 3758 1889 3799; x_wconf 85' lang='lat' dir='ltr'>ascen-</span> 
     </span>
    </p>
   </div>
   <div class='ocr_carea' id='block_1_55' title="bbox 233 3828 1889 3904">
    <p class='ocr_par' dir='ltr' id='par_1_55' title="bbox 233 3828 1889 3904">
     <span class='ocr_line' id='line_1_55' title="bbox 233 3828 1889 3904; baseline 0 -18"><span class='ocrx_word' id='word_1_427' title='bbox 233 3828 353 3886; x_wconf 86' lang='lat' dir='ltr'>det.</span> <span class='ocrx_word' id='word_1_428' title='bbox 383 3833 449 3886; x_wconf 82' lang='lat' dir='ltr'>Et</span> <span class='ocrx_word' id='word_1_429' title='bbox 496 3831 794 3901; x_wconf 85' lang='lat' dir='ltr'>requiescet</span> <span class='ocrx_word' id='word_1_430' title='bbox 821 3844 985 3900; x_wconf 83' lang='lat' dir='ltr'>super</span> <span class='ocrx_word' id='word_1_431' title='bbox 1013 3846 1137 3884; x_wconf 87' lang='lat' dir='ltr'>eum</span> <span class='ocrx_word' id='word_1_432' title='bbox 1192 3833 1420 3902; x_wconf 80' lang='lat' dir='ltr'>spiritus</span> <span class='ocrx_word' id='word_1_433' title='bbox 1479 3832 1720 3903; x_wconf 87' lang='lat' dir='ltr'>Domini,</span> <span class='ocrx_word' id='word_1_434' title='bbox 1774 3834 1889 3904; x_wconf 79' lang='lat' dir='ltr'>spi-</span> 
     </span>
    </p>
   </div>
   <div class='ocr_carea' id='block_1_56' title="bbox 234 3918 1894 3992">
    <p class='ocr_par' dir='ltr' id='par_1_56' title="bbox 234 3918 1894 3992">
     <span class='ocr_line' id='line_1_56' title="bbox 234 3918 1894 3992; baseline 0.002 -18"><span class='ocrx_word' id='word_1_435' title='bbox 234 3922 394 3974; x_wconf 78' lang='lat' dir='ltr'>ritus</span> <span class='ocrx_word' id='word_1_436' title='bbox 451 3921 751 3988; x_wconf 52' lang='lat' dir='ltr'>sapientia</span> <span class='ocrx_word' id='word_1_437' title='bbox 810 3929 861 3973; x_wconf 89' lang='lat' dir='ltr'>et</span> <span class='ocrx_word' id='word_1_438' title='bbox 909 3918 1237 3988; x_wconf 86' lang='lat' dir='ltr'>intellectus,</span> <span class='ocrx_word' id='word_1_439' title='bbox 1268 3918 1515 3992; x_wconf 86' lang='lat' dir='ltr'>Spiritus</span> <span class='ocrx_word' id='word_1_440' title='bbox 1557 3921 1789 3977; x_wconf 86' lang='lat' dir='ltr'>consilii</span> <span class='ocrx_word' id='word_1_441' title='bbox 1843 3930 1894 3977; x_wconf 88' lang='lat' dir='ltr'>et</span> 
     </span>
    </p>
   </div>
   <div class='ocr_carea' id='block_1_57' title="bbox 234 4004 1893 4080">
    <p class='ocr_par' dir='ltr' id='par_1_57' title="bbox 234 4004 1893 4080">
     <span class='ocr_line' id='line_1_57' title="bbox 234 4004 1893 4080; baseline 0.003 -23"><span class='ocrx_word' id='word_1_442' title='bbox 234 4004 622 4074; x_wconf 84' lang='lat' dir='ltr'>fortitudinis,</span> <span class='ocrx_word' id='word_1_443' title='bbox 667 4006 898 4077; x_wconf 81' lang='lat' dir='ltr'>spiritus</span> <span class='ocrx_word' id='word_1_444' title='bbox 927 4007 1175 4063; x_wconf 52' lang='lat' dir='ltr'>scientia</span> <span class='ocrx_word' id='word_1_445' title='bbox 1211 4017 1261 4062; x_wconf 85' lang='lat' dir='ltr'>et</span> <span class='ocrx_word' id='word_1_446' title='bbox 1305 4006 1549 4079; x_wconf 86' lang='lat' dir='ltr'>pietatis,</span> <span class='ocrx_word' id='word_1_447' title='bbox 1582 4014 1633 4065; x_wconf 85' lang='lat' dir='ltr'>et</span> <span class='ocrx_word' id='word_1_448' title='bbox 1664 4008 1893 4080; x_wconf 86' lang='lat' dir='ltr'>replebit</span> 
     </span>
    </p>
   </div>
   <div class='ocr_carea' id='block_1_58' title="bbox 235 4093 1891 4167">
    <p class='ocr_par' dir='ltr' id='par_1_58' title="bbox 235 4093 1891 4167">
     <span class='ocr_line' id='line_1_58' title="bbox 235 4093 1891 4167; baseline 0 -16"><span class='ocrx_word' id='word_1_449' title='bbox 235 4110 374 4151; x_wconf 89' lang='lat' dir='ltr'>eum</span> <span class='ocrx_word' id='word_1_450' title='bbox 403 4093 628 4162; x_wconf 84' lang='lat' dir='ltr'>spiritus</span> <span class='ocrx_word' id='word_1_451' title='bbox 655 4094 873 4148; x_wconf 88' lang='lat' dir='ltr'>timoris</span> <span class='ocrx_word' id='word_1_452' title='bbox 920 4094 1141 4149; x_wconf 85' lang='lat' dir='ltr'>Domini</span> <span class='ocrx_word' id='word_1_453' title='bbox 1172 4093 1238 4160; x_wconf 77' lang='grc'>³⁸,</span> <span class='ocrx_word' id='word_1_454' title='bbox 1292 4099 1348 4150; x_wconf 90' lang='lat' dir='ltr'>et</span> <span class='ocrx_word' id='word_1_455' title='bbox 1403 4100 1628 4163; x_wconf 74' lang='lat' dir='ltr'>caetera,</span> <span class='ocrx_word' id='word_1_456' title='bbox 1662 4113 1790 4167; x_wconf 67' lang='lat' dir='ltr'>quae</span> <span class='ocrx_word' id='word_1_457' title='bbox 1832 4096 1891 4151; x_wconf 88' lang='lat' dir='ltr'>in</span> 
     </span>
    </p>
   </div>
   <div class='ocr_carea' id='block_1_59' title="bbox 233 4183 1897 4256">
    <p class='ocr_par' dir='ltr' id='par_1_59' title="bbox 233 4183 1897 4256">
     <span class='ocr_line' id='line_1_59' title="bbox 233 4183 1897 4256; baseline 0.001 -16"><span class='ocrx_word' id='word_1_458' title='bbox 233 4183 518 4240; x_wconf 84' lang='lat' dir='ltr'>eumdem</span> <span class='ocrx_word' id='word_1_459' title='bbox 570 4199 809 4239; x_wconf 89' lang='lat' dir='ltr'>sensum</span> <span class='ocrx_word' id='word_1_460' title='bbox 866 4188 1324 4256; x_wconf 88' lang='lat' dir='ltr'>consequuntur.</span> <span class='ocrx_word' id='word_1_461' title='bbox 1360 4186 1500 4241; x_wconf 87' lang='lat' dir='ltr'>Item</span> <span class='ocrx_word' id='word_1_462' title='bbox 1536 4201 1550 4240; x_wconf 91' lang='lat'><strong>:</strong></span> <span class='ocrx_word' id='word_1_463' title='bbox 1584 4185 1700 4241; x_wconf 87' lang='lat' dir='ltr'>Erit</span> <span class='ocrx_word' id='word_1_464' title='bbox 1728 4186 1897 4242; x_wconf 76' lang='lat' dir='ltr'>radix</span> 
     </span>
    </p>
   </div>
   <div class='ocr_carea' id='block_1_60' title="bbox 227 4273 1893 4348">
    <p class='ocr_par' dir='ltr' id='par_1_60' title="bbox 227 4273 1893 4348">
     <span class='ocr_line' id='line_1_60' title="bbox 227 4273 1893 4348; baseline 0.002 -17"><span class='ocrx_word' id='word_1_465' title='bbox 227 4276 435 4340; x_wconf 71' lang='lat' dir='ltr'>Jessae,</span> <span class='ocrx_word' id='word_1_466' title='bbox 485 4275 582 4345; x_wconf 80' lang='lat' dir='ltr'>qui</span> <span class='ocrx_word' id='word_1_467' title='bbox 610 4281 721 4329; x_wconf 86' lang='lat' dir='ltr'>stat</span> <span class='ocrx_word' id='word_1_468' title='bbox 766 4273 827 4329; x_wconf 87' lang='lat' dir='ltr'>in</span> <span class='ocrx_word' id='word_1_469' title='bbox 875 4273 1102 4343; x_wconf 83' lang='lat' dir='ltr'>signum</span> <span class='ocrx_word' id='word_1_470' title='bbox 1133 4275 1480 4346; x_wconf 84' lang='lat' dir='ltr'>papulorum,</span> <span class='ocrx_word' id='word_1_471' title='bbox 1507 4278 1683 4347; x_wconf 88' lang='lat' dir='ltr'>ipsum</span> <span class='ocrx_word' id='word_1_472' title='bbox 1711 4287 1893 4348; x_wconf 82' lang='lat' dir='ltr'>gentes</span> 
     </span>
    </p>
   </div>
   <div class='ocr_carea' id='block_1_61' title="bbox 228 4364 1894 4436">
    <p class='ocr_par' dir='ltr' id='par_1_61' title="bbox 228 4364 1894 4436">
     <span class='ocr_line' id='line_1_61' title="bbox 228 4364 1894 4436; baseline 0.003 -17"><span class='ocrx_word' id='word_1_473' title='bbox 228 4364 704 4433; x_wconf 78' lang='lat' dir='ltr'>deprecabuntur:</span> <span class='ocrx_word' id='word_1_474' title='bbox 736 4372 785 4418; x_wconf 91' lang='lat' dir='ltr'>et</span> <span class='ocrx_word' id='word_1_475' title='bbox 836 4367 946 4418; x_wconf 87' lang='lat' dir='ltr'>erit</span> <span class='ocrx_word' id='word_1_476' title='bbox 973 4366 1289 4436; x_wconf 80' lang='lat' dir='ltr'>sepulcrum</span> <span class='ocrx_word' id='word_1_477' title='bbox 1333 4365 1455 4435; x_wconf 85' lang='lat' dir='ltr'>ejus</span> <span class='ocrx_word' id='word_1_478' title='bbox 1493 4365 1795 4434; x_wconf 84' lang='lat' dir='ltr'>gloriosum</span> <span class='ocrx_word' id='word_1_479' title='bbox 1824 4367 1894 4424; x_wconf 77' lang='grc'>³⁷.</span> 
     </span>
    </p>
   </div>
   <div class='ocr_carea' id='block_1_62' title="bbox 229 4450 1899 4526">
    <p class='ocr_par' dir='ltr' id='par_1_62' title="bbox 229 4450 1899 4526">
     <span class='ocr_line' id='line_1_62' title="bbox 229 4450 1899 4526; baseline 0.003 -19"><span class='ocrx_word' id='word_1_480' title='bbox 229 4452 389 4507; x_wconf 83' lang='lat' dir='ltr'>Item</span> <span class='ocrx_word' id='word_1_481' title='bbox 420 4450 530 4506; x_wconf 86' lang='lat' dir='ltr'>alio</span> <span class='ocrx_word' id='word_1_482' title='bbox 561 4450 686 4507; x_wconf 91' lang='lat' dir='ltr'>loco</span> <span class='ocrx_word' id='word_1_483' title='bbox 721 4467 734 4505; x_wconf 92' lang='lat'>:</span> <span class='ocrx_word' id='word_1_484' title='bbox 767 4452 829 4506; x_wconf 82' lang='lat' dir='ltr'>Et</span> <span class='ocrx_word' id='word_1_485' title='bbox 848 4452 1073 4521; x_wconf 78' lang='lat' dir='ltr'>feriam,</span> <span class='ocrx_word' id='word_1_486' title='bbox 1107 4454 1321 4525; x_wconf 86' lang='lat' dir='ltr'>inquit,</span> <span class='ocrx_word' id='word_1_487' title='bbox 1352 4454 1624 4510; x_wconf 79' lang='lat' dir='ltr'>vobiscum</span> <span class='ocrx_word' id='word_1_488' title='bbox 1676 4462 1899 4526; x_wconf 86' lang='lat' dir='ltr'>pactum</span> 
     </span>
    </p>
   </div>
   <div class='ocr_carea' id='block_1_63' title="bbox 225 4540 1895 4615">
    <p class='ocr_par' dir='ltr' id='par_1_63' title="bbox 225 4540 1895 4615">
     <span class='ocr_line' id='line_1_63' title="bbox 225 4540 1895 4615; baseline 0.003 -18"><span class='ocrx_word' id='word_1_489' title='bbox 225 4540 1100 4609; x_wconf 77' lang='lat' dir='ltr'>sempiternum,misericordias</span> <span class='ocrx_word' id='word_1_490' title='bbox 1149 4543 1368 4599; x_wconf 87' lang='lat' dir='ltr'>Davidis</span> <span class='ocrx_word' id='word_1_491' title='bbox 1420 4542 1606 4615; x_wconf 76' lang='lat' dir='ltr'>ﬁdeles</span> <span class='ocrx_word' id='word_1_492' title='bbox 1662 4543 1728 4600; x_wconf 78' lang='grc'>’⁸.</span> <span class='ocrx_word' id='word_1_493' title='bbox 1763 4549 1895 4611; x_wconf 81' lang='lat' dir='ltr'>Quae</span> 
     </span>
    </p>
   </div>
   <div class='ocr_carea' id='block_1_64' title="bbox 228 4628 1895 4705">
    <p class='ocr_par' dir='ltr' id='par_1_64' title="bbox 228 4628 1895 4705">
     <span class='ocr_line' id='line_1_64' title="bbox 228 4628 1895 4705; baseline 0.002 -18"><span class='ocrx_word' id='word_1_494' title='bbox 228 4628 407 4687; x_wconf 88' lang='lat' dir='ltr'>enim</span> <span class='ocrx_word' id='word_1_495' title='bbox 438 4629 526 4683; x_wconf 88' lang='lat' dir='ltr'>illi</span> <span class='ocrx_word' id='word_1_496' title='bbox 563 4629 829 4701; x_wconf 88' lang='lat' dir='ltr'>promisi,</span> <span class='ocrx_word' id='word_1_497' title='bbox 881 4628 1184 4701; x_wconf 89' lang='lat' dir='ltr'>complebo</span> <span class='ocrx_word' id='word_1_498' title='bbox 1221 4649 1235 4697; x_wconf 91' lang='lat'><strong>;</strong></span> <span class='ocrx_word' id='word_1_499' title='bbox 1267 4637 1323 4687; x_wconf 88' lang='lat' dir='ltr'>et</span> <span class='ocrx_word' id='word_1_500' title='bbox 1355 4649 1455 4705; x_wconf 88' lang='lat' dir='ltr'>per</span> <span class='ocrx_word' id='word_1_501' title='bbox 1486 4632 1644 4690; x_wconf 89' lang='lat' dir='ltr'>illius</span> <span class='ocrx_word' id='word_1_502' title='bbox 1694 4651 1895 4691; x_wconf 87' lang='lat' dir='ltr'>semen</span> 
     </span>
    </p>
   </div>
   <div class='ocr_carea' id='block_1_65' title="bbox 229 4717 1901 4788">
    <p class='ocr_par' dir='ltr' id='par_1_65' title="bbox 229 4717 1901 4788">
     <span class='ocr_line' id='line_1_65' title="bbox 229 4717 1901 4788; baseline 0.002 -12"><span class='ocrx_word' id='word_1_503' title='bbox 229 4717 495 4776; x_wconf 79' lang='lat' dir='ltr'>servabo</span> <span class='ocrx_word' id='word_1_504' title='bbox 524 4718 724 4773; x_wconf 87' lang='lat' dir='ltr'>orbem</span> <span class='ocrx_word' id='word_1_505' title='bbox 758 4723 1045 4774; x_wconf 86' lang='lat' dir='ltr'>terrarum</span> <span class='ocrx_word' id='word_1_506' title='bbox 1072 4738 1086 4788; x_wconf 88' lang='lat'><strong>;</strong></span> <span class='ocrx_word' id='word_1_507' title='bbox 1123 4719 1312 4777; x_wconf 83' lang='lat' dir='ltr'>fidelis</span> <span class='ocrx_word' id='word_1_508' title='bbox 1343 4723 1497 4777; x_wconf 88' lang='lat' dir='ltr'>enim</span> <span class='ocrx_word' id='word_1_509' title='bbox 1531 4726 1586 4779; x_wconf 90' lang='lat' dir='ltr'>et</span> <span class='ocrx_word' id='word_1_510' title='bbox 1617 4739 1791 4780; x_wconf 84' lang='lat' dir='ltr'>verax</span> <span class='ocrx_word' id='word_1_511' title='bbox 1812 4728 1901 4780; x_wconf 88' lang='lat' dir='ltr'>est</span> 
     </span>
    </p>
   </div>
   <div class='ocr_carea' id='block_1_66' title="bbox 230 4807 758 4877">
    <p class='ocr_par' dir='ltr' id='par_1_66' title="bbox 230 4807 758 4877">
     <span class='ocr_line' id='line_1_66' title="bbox 230 4807 758 4877; baseline -0.002 -13"><span class='ocrx_word' id='word_1_512' title='bbox 230 4823 381 4864; x_wconf 86' lang='lat' dir='ltr'>mea</span> <span class='ocrx_word' id='word_1_513' title='bbox 429 4807 758 4877; x_wconf 83' lang='lat' dir='ltr'>promissio.</span> 
     </span>
    </p>
   </div>
   <div class='ocr_carea' id='block_1_67' title="bbox 326 4895 1901 4974">
    <p class='ocr_par' dir='ltr' id='par_1_67' title="bbox 326 4895 1901 4974">
     <span class='ocr_line' id='line_1_67' title="bbox 326 4895 1901 4974; baseline 0.006 -24"><span class='ocrx_word' id='word_1_514' title='bbox 326 4895 542 4952; x_wconf 87' lang='lat' dir='ltr'>Harum</span> <span class='ocrx_word' id='word_1_515' title='bbox 628 4896 1087 4969; x_wconf 84' lang='lat' dir='ltr'>promissionum</span> <span class='ocrx_word' id='word_1_516' title='bbox 1167 4899 1469 4956; x_wconf 78' lang='lat' dir='ltr'>veritatem</span> <span class='ocrx_word' id='word_1_517' title='bbox 1547 4901 1901 4974; x_wconf 77' lang='lat' dir='ltr'>evangelista</span> 
     </span>
    </p>
   </div>
   <div class='ocr_carea' id='block_1_68' title="bbox 228 4986 1898 5062">
    <p class='ocr_par' dir='ltr' id='par_1_68' title="bbox 228 4986 1898 5062">
     <span class='ocr_line' id='line_1_68' title="bbox 228 4986 1898 5062; baseline 0.004 -21"><span class='ocrx_word' id='word_1_518' title='bbox 228 5002 481 5060; x_wconf 86' lang='lat' dir='ltr'>quoque</span> <span class='ocrx_word' id='word_1_519' title='bbox 542 4986 850 5043; x_wconf 72' lang='lat' dir='ltr'>Matthseus</span> <span class='ocrx_word' id='word_1_520' title='bbox 908 4987 1198 5055; x_wconf 85' lang='lat' dir='ltr'>indicans,</span> <span class='ocrx_word' id='word_1_521' title='bbox 1260 4990 1318 5044; x_wconf 91' lang='lat' dir='ltr'>in</span> <span class='ocrx_word' id='word_1_522' title='bbox 1374 4990 1500 5062; x_wconf 90' lang='lat' dir='ltr'>ipso</span> <span class='ocrx_word' id='word_1_523' title='bbox 1560 4991 1755 5047; x_wconf 82' lang='lat' dir='ltr'>statim</span> <span class='ocrx_word' id='word_1_524' title='bbox 1809 4992 1898 5046; x_wconf 90' lang='lat' dir='ltr'>hi-</span> 
     </span>
    </p>
   </div>
   <div class='ocr_carea' id='block_1_69' title="bbox 224 5075 1901 5148">
    <p class='ocr_par' dir='ltr' id='par_1_69' title="bbox 224 5075 1901 5148">
     <span class='ocr_line' id='line_1_69' title="bbox 224 5075 1901 5148; baseline 0.003 -15"><span class='ocrx_word' id='word_1_525' title='bbox 224 5075 444 5133; x_wconf 67' lang='lat' dir='ltr'>storias</span> <span class='ocrx_word' id='word_1_526' title='bbox 532 5091 652 5131; x_wconf 67' lang='lat' dir='ltr'>sum</span> <span class='ocrx_word' id='word_1_527' title='bbox 741 5076 1013 5148; x_wconf 78' lang='lat' dir='ltr'>prosemio</span> <span class='ocrx_word' id='word_1_528' title='bbox 1102 5077 1223 5133; x_wconf 89' lang='lat' dir='ltr'>orbi</span> <span class='ocrx_word' id='word_1_529' title='bbox 1308 5082 1594 5136; x_wconf 87' lang='lat' dir='ltr'>terrarum</span> <span class='ocrx_word' id='word_1_530' title='bbox 1670 5098 1901 5138; x_wconf 88' lang='lat' dir='ltr'>annun-</span> 
     </span>
    </p>
   </div>
   <div class='ocr_carea' id='block_1_70' title="bbox 225 5164 1901 5237">
    <p class='ocr_par' dir='ltr' id='par_1_70' title="bbox 225 5164 1901 5237">
     <span class='ocr_line' id='line_1_70' title="bbox 225 5164 1901 5237; baseline 0.002 -15"><span class='ocrx_word' id='word_1_531' title='bbox 225 5164 379 5233; x_wconf 81' lang='lat' dir='ltr'>tiat,</span> <span class='ocrx_word' id='word_1_532' title='bbox 469 5164 731 5236; x_wconf 83' lang='lat' dir='ltr'>gentium</span> <span class='ocrx_word' id='word_1_533' title='bbox 841 5169 1327 5237; x_wconf 81' lang='lat' dir='ltr'>exspectationem</span> <span class='ocrx_word' id='word_1_534' title='bbox 1432 5168 1718 5225; x_wconf 84' lang='lat' dir='ltr'>ﬂoruisse.</span> <span class='ocrx_word' id='word_1_535' title='bbox 1807 5174 1901 5227; x_wconf 85' lang='lat' dir='ltr'>Ait</span> 
     </span>
    </p>
   </div>
   <div class='ocr_carea' id='block_1_71' title="bbox 219 5251 1896 5330">
    <p class='ocr_par' dir='ltr' id='par_1_71' title="bbox 219 5251 1896 5330">
     <span class='ocr_line' id='line_1_71' title="bbox 219 5251 1896 5330; baseline 0.002 -19"><span class='ocrx_word' id='word_1_536' title='bbox 219 5251 398 5311; x_wconf 82' lang='lat' dir='ltr'>enim</span> <span class='ocrx_word' id='word_1_537' title='bbox 439 5267 452 5307; x_wconf 88' lang='lat'><strong>:</strong></span> <span class='ocrx_word' id='word_1_538' title='bbox 488 5253 649 5308; x_wconf 86' lang='lat' dir='ltr'>Liber</span> <span class='ocrx_word' id='word_1_539' title='bbox 677 5255 1054 5325; x_wconf 79' lang='lat' dir='ltr'>generationis</span> <span class='ocrx_word' id='word_1_540' title='bbox 1108 5256 1237 5312; x_wconf 86' lang='lat' dir='ltr'>Jesu</span> <span class='ocrx_word' id='word_1_541' title='bbox 1287 5256 1510 5321; x_wconf 83' lang='lat' dir='ltr'>Christi,</span> <span class='ocrx_word' id='word_1_542' title='bbox 1543 5259 1653 5328; x_wconf 71' lang='lat' dir='ltr'>ﬁlii</span> <span class='ocrx_word' id='word_1_543' title='bbox 1703 5259 1896 5330; x_wconf 80' lang='lat' dir='ltr'>David,</span> 
     </span>
    </p>
   </div>
   <div class='ocr_carea' id='block_1_72' title="bbox 216 5342 1897 5417">
    <p class='ocr_par' dir='ltr' id='par_1_72' title="bbox 216 5342 1897 5417">
     <span class='ocr_line' id='line_1_72' title="bbox 216 5342 1897 5417; baseline 0.008 -21"><span class='ocrx_word' id='word_1_544' title='bbox 216 5343 356 5416; x_wconf 79' lang='lat' dir='ltr'>ﬁlii</span> <span class='ocrx_word' id='word_1_545' title='bbox 384 5342 664 5398; x_wconf 86' lang='lat' dir='ltr'>Abraham</span> <span class='ocrx_word' id='word_1_546' title='bbox 694 5343 758 5399; x_wconf 72' lang='lat'>’9.</span> <span class='ocrx_word' id='word_1_547' title='bbox 786 5343 1030 5416; x_wconf 87' lang='lat' dir='ltr'>Utrique</span> <span class='ocrx_word' id='word_1_548' title='bbox 1051 5345 1209 5401; x_wconf 90' lang='lat' dir='ltr'>enim</span> <span class='ocrx_word' id='word_1_549' title='bbox 1234 5346 1444 5401; x_wconf 88' lang='lat' dir='ltr'>semini</span> <span class='ocrx_word' id='word_1_550' title='bbox 1471 5348 1897 5417; x_wconf 89' lang='lat' dir='ltr'>promissiones</span> 
     </span>
    </p>
   </div>
   <div class='ocr_carea' id='block_1_73' title="bbox 218 5433 603 5489">
    <p class='ocr_par' dir='ltr' id='par_1_73' title="bbox 218 5433 603 5489">
     <span class='ocr_line' id='line_1_73' title="bbox 218 5433 603 5489; baseline -0.005 0"><span class='ocrx_word' id='word_1_551' title='bbox 218 5433 412 5489; x_wconf 67' lang='lat' dir='ltr'>facta:</span> <span class='ocrx_word' id='word_1_552' title='bbox 445 5438 603 5489; x_wconf 87' lang='lat' dir='ltr'>sunt.</span> 
     </span>
    </p>
   </div>
   <div class='ocr_carea' id='block_1_74' title="bbox 1988 1946 3636 2021">
    <p class='ocr_par' dir='ltr' id='par_1_74' title="bbox 1988 1946 3636 2021">
     <span class='ocr_line' id='line_1_74' title="bbox 1988 1946 3636 2021; baseline 0.006 -19"><span class='ocrx_word' id='word_1_553' title='bbox 1988 1946 2308 2017; x_wconf 83' lang='lat' dir='ltr'>apostolos,</span> <span class='ocrx_word' id='word_1_554' title='bbox 2342 1964 2443 2019; x_wconf 90' lang='lat' dir='ltr'>per</span> <span class='ocrx_word' id='word_1_555' title='bbox 2476 1949 2755 2005; x_wconf 86' lang='lat' dir='ltr'>miracula</span> <span class='ocrx_word' id='word_1_556' title='bbox 2786 1950 2858 2005; x_wconf 90' lang='lat' dir='ltr'>ab</span> <span class='ocrx_word' id='word_1_557' title='bbox 2892 1951 3005 2006; x_wconf 89' lang='lat' dir='ltr'>illis</span> <span class='ocrx_word' id='word_1_558' title='bbox 3059 1953 3229 2021; x_wconf 85' lang='lat' dir='ltr'>facta,</span> <span class='ocrx_word' id='word_1_559' title='bbox 3266 1959 3417 2010; x_wconf 90' lang='lat' dir='ltr'>Deus</span> <span class='ocrx_word' id='word_1_560' title='bbox 3471 1957 3636 2012; x_wconf 89' lang='lat' dir='ltr'>inno-</span> 
     </span>
    </p>
   </div>
   <div class='ocr_carea' id='block_1_75' title="bbox 1989 2036 3637 2116">
    <p class='ocr_par' dir='ltr' id='par_1_75' title="bbox 1989 2036 3637 2116">
     <span class='ocr_line' id='line_1_75' title="bbox 1989 2036 3637 2116; baseline 0.005 -25"><span class='ocrx_word' id='word_1_561' title='bbox 1989 2037 2101 2091; x_wconf 87' lang='lat' dir='ltr'>tuit</span> <span class='ocrx_word' id='word_1_562' title='bbox 2131 2053 2143 2091; x_wconf 76' lang='grc' dir='ltr'>ε</span> <span class='ocrx_word' id='word_1_563' title='bbox 2181 2036 2473 2107; x_wconf 83' lang='lat' dir='ltr'>siquidem</span> <span class='ocrx_word' id='word_1_564' title='bbox 2506 2037 2565 2092; x_wconf 89' lang='lat' dir='ltr'>in</span> <span class='ocrx_word' id='word_1_565' title='bbox 2599 2039 2728 2109; x_wconf 81' lang='lat' dir='ltr'>ejus</span> <span class='ocrx_word' id='word_1_566' title='bbox 2754 2039 2988 2095; x_wconf 87' lang='lat' dir='ltr'>nomine</span> <span class='ocrx_word' id='word_1_567' title='bbox 3012 2042 3260 2096; x_wconf 67' lang='lat' dir='ltr'>maxime</span> <span class='ocrx_word' id='word_1_568' title='bbox 3291 2050 3637 2116; x_wconf 84' lang='lat' dir='ltr'>peregerunt</span> 
     </span>
    </p>
   </div>
   <div class='ocr_carea' id='block_1_76' title="bbox 1990 2123 3635 2215">
    <p class='ocr_par' dir='ltr' id='par_1_76' title="bbox 1990 2123 3635 2215">
     <span class='ocr_line' id='line_1_76' title="bbox 1990 2123 3635 2215; baseline 0.005 -37"><span class='ocrx_word' id='word_1_569' title='bbox 1990 2123 2293 2180; x_wconf 87' lang='lat' dir='ltr'>miracula.</span> <span class='ocrx_word' id='word_1_570' title='bbox 2328 2127 2613 2180; x_wconf 65' lang='lat' dir='ltr'>Caeterum</span> <span class='ocrx_word' id='word_1_571' title='bbox 2648 2127 2705 2181; x_wconf 89' lang='lat' dir='ltr'>in</span> <span class='ocrx_word' id='word_1_572' title='bbox 2758 2127 3025 2198; x_wconf 55' lang='lat' dir='ltr'>Epistolas</span> <span class='ocrx_word' id='word_1_573' title='bbox 3074 2130 3287 2197; x_wconf 89' lang='lat' dir='ltr'>medio,</span> <span class='ocrx_word' id='word_1_574' title='bbox 3319 2130 3635 2215; x_wconf 66' lang='lat' dir='ltr'>bonorum,</span> 
     </span>
    </p>
   </div>
   <div class='ocr_carea' id='block_1_77' title="bbox 1989 2213 3634 2289">
    <p class='ocr_par' dir='ltr' id='par_1_77' title="bbox 1989 2213 3634 2289">
     <span class='ocr_line' id='line_1_77' title="bbox 1989 2213 3634 2289; baseline 0.007 -24"><span class='ocrx_word' id='word_1_575' title='bbox 1989 2213 2205 2283; x_wconf 88' lang='lat' dir='ltr'>quibus</span> <span class='ocrx_word' id='word_1_576' title='bbox 2244 2213 2383 2275; x_wconf 84' lang='lat' dir='ltr'>olim</span> <span class='ocrx_word' id='word_1_577' title='bbox 2441 2214 2675 2271; x_wconf 71' lang='lat' dir='ltr'>Judaeos</span> <span class='ocrx_word' id='word_1_578' title='bbox 2735 2215 3073 2287; x_wconf 87' lang='lat' dir='ltr'>impertivit,</span> <span class='ocrx_word' id='word_1_579' title='bbox 3136 2218 3431 2275; x_wconf 85' lang='lat' dir='ltr'>mentione</span> <span class='ocrx_word' id='word_1_580' title='bbox 3462 2213 3634 2289; x_wconf 81' lang='lat' dir='ltr'>facta,</span> 
     </span>
    </p>
   </div>
   <div class='ocr_carea' id='block_1_78' title="bbox 1988 2302 3640 2378">
    <p class='ocr_par' dir='ltr' id='par_1_78' title="bbox 1988 2302 3640 2378">
     <span class='ocr_line' id='line_1_78' title="bbox 1988 2302 3640 2378; baseline 0.005 -21"><span class='ocrx_word' id='word_1_581' title='bbox 1988 2302 2297 2373; x_wconf 72' lang='lat' dir='ltr'>subiunxit</span> <span class='ocrx_word' id='word_1_582' title='bbox 2328 2320 2342 2359; x_wconf 90' lang='lat'><strong>:</strong></span> <span class='ocrx_word' id='word_1_583' title='bbox 2374 2307 2619 2374; x_wconf 85' lang='lat' dir='ltr'>Quorum</span> <span class='ocrx_word' id='word_1_584' title='bbox 2675 2313 2804 2360; x_wconf 86' lang='lat' dir='ltr'>sunt</span> <span class='ocrx_word' id='word_1_585' title='bbox 2837 2310 3047 2375; x_wconf 83' lang='lat' dir='ltr'>patres,</span> <span class='ocrx_word' id='word_1_586' title='bbox 3076 2312 3130 2361; x_wconf 88' lang='lat' dir='ltr'>et</span> <span class='ocrx_word' id='word_1_587' title='bbox 3186 2322 3255 2362; x_wconf 76' lang='lat' dir='ltr'>ex</span> <span class='ocrx_word' id='word_1_588' title='bbox 3309 2306 3504 2378; x_wconf 85' lang='lat' dir='ltr'>quibus</span> <span class='ocrx_word' id='word_1_589' title='bbox 3559 2317 3640 2365; x_wconf 89' lang='lat' dir='ltr'>est</span> 
     </span>
    </p>
   </div>
   <div class='ocr_carea' id='block_1_79' title="bbox 1991 2390 3634 2467">
    <p class='ocr_par' dir='ltr' id='par_1_79' title="bbox 1991 2390 3634 2467">
     <span class='ocr_line' id='line_1_79' title="bbox 1991 2390 3634 2467; baseline 0.005 -21"><span class='ocrx_word' id='word_1_590' title='bbox 1991 2390 2237 2446; x_wconf 86' lang='lat' dir='ltr'>Christus</span> <span class='ocrx_word' id='word_1_591' title='bbox 2287 2394 2588 2448; x_wconf 80' lang='lat' dir='ltr'>secundum</span> <span class='ocrx_word' id='word_1_592' title='bbox 2646 2410 2892 2465; x_wconf 83' lang='lat' dir='ltr'>carnem,</span> <span class='ocrx_word' id='word_1_593' title='bbox 2950 2394 3046 2466; x_wconf 87' lang='lat' dir='ltr'>qui</span> <span class='ocrx_word' id='word_1_594' title='bbox 3102 2400 3180 2450; x_wconf 88' lang='lat' dir='ltr'>est</span> <span class='ocrx_word' id='word_1_595' title='bbox 3234 2412 3397 2467; x_wconf 82' lang='lat' dir='ltr'>super</span> <span class='ocrx_word' id='word_1_596' title='bbox 3447 2398 3634 2454; x_wconf 88' lang='lat' dir='ltr'>omnia</span> 
     </span>
    </p>
   </div>
   <div class='ocr_carea' id='block_1_80' title="bbox 1988 2479 3635 2554">
    <p class='ocr_par' dir='ltr' id='par_1_80' title="bbox 1988 2479 3635 2554">
     <span class='ocr_line' id='line_1_80' title="bbox 1988 2479 3635 2554; baseline 0.005 -20"><span class='ocrx_word' id='word_1_597' title='bbox 1988 2479 2126 2534; x_wconf 85' lang='lat' dir='ltr'>Deus</span> <span class='ocrx_word' id='word_1_598' title='bbox 2166 2480 2235 2547; x_wconf 72' lang='lat'>3‘,</span> <span class='ocrx_word' id='word_1_599' title='bbox 2267 2486 2438 2552; x_wconf 87' lang='lat' dir='ltr'>atque</span> <span class='ocrx_word' id='word_1_600' title='bbox 2480 2499 2597 2538; x_wconf 88' lang='lat' dir='ltr'>una</span> <span class='ocrx_word' id='word_1_601' title='bbox 2628 2482 2685 2537; x_wconf 90' lang='lat' dir='ltr'>in</span> <span class='ocrx_word' id='word_1_602' title='bbox 2720 2499 2965 2554; x_wconf 88' lang='lat' dir='ltr'>persona</span> <span class='ocrx_word' id='word_1_603' title='bbox 3007 2482 3259 2540; x_wconf 89' lang='lat' dir='ltr'>duarum</span> <span class='ocrx_word' id='word_1_604' title='bbox 3293 2490 3635 2543; x_wconf 87' lang='lat' dir='ltr'>naturarum</span> 
     </span>
    </p>
   </div>
   <div class='ocr_carea' id='block_1_81' title="bbox 1991 2564 3635 2638">
    <p class='ocr_par' dir='ltr' id='par_1_81' title="bbox 1991 2564 3635 2638">
     <span class='ocr_line' id='line_1_81' title="bbox 1991 2564 3635 2638; baseline 0.006 -16"><span class='ocrx_word' id='word_1_605' title='bbox 1991 2564 2379 2625; x_wconf 72' lang='lat' dir='ltr'>differentiam</span> <span class='ocrx_word' id='word_1_606' title='bbox 2430 2571 2705 2638; x_wconf 73' lang='lat' dir='ltr'>ostendit,</span> <span class='ocrx_word' id='word_1_607' title='bbox 2737 2588 2868 2626; x_wconf 88' lang='lat' dir='ltr'>cum</span> <span class='ocrx_word' id='word_1_608' title='bbox 2916 2588 2984 2628; x_wconf 85' lang='lat' dir='ltr'>ex</span> <span class='ocrx_word' id='word_1_609' title='bbox 3040 2572 3261 2630; x_wconf 63' lang='lat' dir='ltr'>Judmis</span> <span class='ocrx_word' id='word_1_610' title='bbox 3310 2577 3635 2632; x_wconf 87' lang='lat' dir='ltr'>secundum</span> 
     </span>
    </p>
   </div>
   <div class='ocr_carea' id='block_1_82' title="bbox 1990 2658 3635 2731">
    <p class='ocr_par' dir='ltr' id='par_1_82' title="bbox 1990 2658 3635 2731">
     <span class='ocr_line' id='line_1_82' title="bbox 1990 2658 3635 2731; baseline 0.005 -19"><span class='ocrx_word' id='word_1_611' title='bbox 1990 2673 2222 2714; x_wconf 88' lang='lat' dir='ltr'>carnem</span> <span class='ocrx_word' id='word_1_612' title='bbox 2276 2658 2652 2730; x_wconf 87' lang='lat' dir='ltr'>processisse,</span> <span class='ocrx_word' id='word_1_613' title='bbox 2682 2665 2739 2715; x_wconf 89' lang='lat' dir='ltr'>et</span> <span class='ocrx_word' id='word_1_614' title='bbox 2785 2676 2963 2731; x_wconf 88' lang='lat' dir='ltr'>super</span> <span class='ocrx_word' id='word_1_615' title='bbox 3014 2663 3213 2718; x_wconf 88' lang='lat' dir='ltr'>omnia</span> <span class='ocrx_word' id='word_1_616' title='bbox 3264 2663 3446 2719; x_wconf 89' lang='lat' dir='ltr'>Deum</span> <span class='ocrx_word' id='word_1_617' title='bbox 3507 2681 3635 2721; x_wconf 87' lang='lat' dir='ltr'>esse</span> 
     </span>
    </p>
   </div>
   <div class='ocr_carea' id='block_1_83' title="bbox 1991 2746 3634 2820">
    <p class='ocr_par' dir='ltr' id='par_1_83' title="bbox 1991 2746 3634 2820">
     <span class='ocr_line' id='line_1_83' title="bbox 1991 2746 3634 2820; baseline 0.006 -21"><span class='ocrx_word' id='word_1_618' title='bbox 1991 2746 2151 2816; x_wconf 83' lang='lat' dir='ltr'>dicit,</span> <span class='ocrx_word' id='word_1_619' title='bbox 2184 2751 2462 2820; x_wconf 88' lang='lat' dir='ltr'>tanquam</span> <span class='ocrx_word' id='word_1_620' title='bbox 2485 2754 2669 2804; x_wconf 85' lang='lat' dir='ltr'>Deum</span> <span class='ocrx_word' id='word_1_621' title='bbox 2693 2755 2749 2804; x_wconf 88' lang='lat' dir='ltr'>et</span> <span class='ocrx_word' id='word_1_622' title='bbox 2777 2748 2831 2804; x_wconf 90' lang='lat' dir='ltr'>in</span> <span class='ocrx_word' id='word_1_623' title='bbox 2857 2749 3069 2805; x_wconf 66' lang='lat' dir='ltr'>saecula</span> <span class='ocrx_word' id='word_1_624' title='bbox 3090 2751 3634 2809; x_wconf 88' lang='lat' dir='ltr'>benedictum.Bea-</span> 
     </span>
    </p>
   </div>
   <div class='ocr_carea' id='block_1_84' title="bbox 1990 2837 3635 2905">
    <p class='ocr_par' dir='ltr' id='par_1_84' title="bbox 1990 2837 3635 2905">
     <span class='ocr_line' id='line_1_84' title="bbox 1990 2837 3635 2905; baseline 0.004 -15"><span class='ocrx_word' id='word_1_625' title='bbox 1990 2839 2116 2890; x_wconf 90' lang='lat' dir='ltr'>tum</span> <span class='ocrx_word' id='word_1_626' title='bbox 2134 2852 2301 2905; x_wconf 82' lang='lat' dir='ltr'>porro</span> <span class='ocrx_word' id='word_1_627' title='bbox 2321 2837 2694 2893; x_wconf 85' lang='lat' dir='ltr'>Timotheum</span> <span class='ocrx_word' id='word_1_628' title='bbox 2720 2838 2810 2894; x_wconf 90' lang='lat' dir='ltr'>his</span> <span class='ocrx_word' id='word_1_629' title='bbox 2826 2839 3017 2894; x_wconf 89' lang='lat' dir='ltr'>verbis</span> <span class='ocrx_word' id='word_1_630' title='bbox 3034 2841 3372 2896; x_wconf 81' lang='lat' dir='ltr'>exhortatur</span> <span class='ocrx_word' id='word_1_631' title='bbox 3405 2859 3413 2893; x_wconf 92' lang='lat'>:</span> <span class='ocrx_word' id='word_1_632' title='bbox 3434 2844 3635 2897; x_wconf 80' lang='lat' dir='ltr'>Memor</span> 
     </span>
    </p>
   </div>
   <div class='ocr_carea' id='block_1_85' title="bbox 1990 2924 3637 2985">
    <p class='ocr_par' dir='ltr' id='par_1_85' title="bbox 1990 2924 3637 2985">
     <span class='ocr_line' id='line_1_85' title="bbox 1990 2924 3637 2985; baseline 0.004 -7"><span class='ocrx_word' id='word_1_633' title='bbox 1990 2932 2099 2978; x_wconf 85' lang='lat' dir='ltr'>esto</span> <span class='ocrx_word' id='word_1_634' title='bbox 2149 2924 2333 2980; x_wconf 74' lang='lat' dir='ltr'>Iesum</span> <span class='ocrx_word' id='word_1_635' title='bbox 2380 2925 2661 2980; x_wconf 83' lang='lat' dir='ltr'>Christum</span> <span class='ocrx_word' id='word_1_636' title='bbox 2704 2929 3142 2984; x_wconf 72' lang='lat' dir='ltr'>resurrexissea</span> <span class='ocrx_word' id='word_1_637' title='bbox 3186 2932 3422 2983; x_wconf 86' lang='lat' dir='ltr'>mortuis</span> <span class='ocrx_word' id='word_1_638' title='bbox 3446 2945 3515 2984; x_wconf 79' lang='lat' dir='ltr'>ea:</span> <span class='ocrx_word' id='word_1_639' title='bbox 3551 2946 3637 2985; x_wconf 81' lang='lat' dir='ltr'>se-</span> 
     </span>
    </p>
   </div>
   <div class='ocr_carea' id='block_1_86' title="bbox 1990 3011 3636 3090">
    <p class='ocr_par' dir='ltr' id='par_1_86' title="bbox 1990 3011 3636 3090">
     <span class='ocr_line' id='line_1_86' title="bbox 1990 3011 3636 3090; baseline 0.005 -24"><span class='ocrx_word' id='word_1_640' title='bbox 1990 3011 2141 3067; x_wconf 85' lang='lat' dir='ltr'>mine</span> <span class='ocrx_word' id='word_1_641' title='bbox 2170 3014 2366 3083; x_wconf 75' lang='lat' dir='ltr'>David,</span> <span class='ocrx_word' id='word_1_642' title='bbox 2423 3015 2723 3070; x_wconf 86' lang='lat' dir='ltr'>secundum</span> <span class='ocrx_word' id='word_1_643' title='bbox 2781 3018 3138 3088; x_wconf 85' lang='lat' dir='ltr'>Euangelium</span> <span class='ocrx_word' id='word_1_644' title='bbox 3189 3034 3390 3087; x_wconf 77' lang='lat' dir='ltr'>meum,</span> <span class='ocrx_word' id='word_1_645' title='bbox 3442 3020 3503 3072; x_wconf 86' lang='lat' dir='ltr'>in</span> <span class='ocrx_word' id='word_1_646' title='bbox 3532 3034 3636 3090; x_wconf 88' lang='lat' dir='ltr'>quo</span> 
     </span>
    </p>
   </div>
   <div class='ocr_carea' id='block_1_87' title="bbox 1993 3102 3456 3179">
    <p class='ocr_par' dir='ltr' id='par_1_87' title="bbox 1993 3102 3456 3179">
     <span class='ocr_line' id='line_1_87' title="bbox 1993 3102 3456 3179; baseline 0.004 -22"><span class='ocrx_word' id='word_1_647' title='bbox 1993 3102 2179 3159; x_wconf 86' lang='lat' dir='ltr'>labore</span> <span class='ocrx_word' id='word_1_648' title='bbox 2208 3120 2376 3177; x_wconf 89' lang='lat' dir='ltr'>usque</span> <span class='ocrx_word' id='word_1_649' title='bbox 2404 3106 2477 3161; x_wconf 83' lang='lat' dir='ltr'>ad</span> <span class='ocrx_word' id='word_1_650' title='bbox 2498 3107 2740 3175; x_wconf 85' lang='lat' dir='ltr'>vincula,</span> <span class='ocrx_word' id='word_1_651' title='bbox 2772 3110 2923 3178; x_wconf 85' lang='lat' dir='ltr'>quasi</span> <span class='ocrx_word' id='word_1_652' title='bbox 2952 3108 3099 3162; x_wconf 87' lang='lat' dir='ltr'>male</span> <span class='ocrx_word' id='word_1_653' title='bbox 3131 3124 3368 3179; x_wconf 77' lang='lat' dir='ltr'>operans</span> <span class='ocrx_word' id='word_1_654' title='bbox 3386 3106 3456 3163; x_wconf 78' lang='lat'>3’.</span> 
     </span>
    </p>
   </div>
   <div class='ocr_carea' id='block_1_88' title="bbox 2062 3191 3632 3267">
    <p class='ocr_par' dir='ltr' id='par_1_88' title="bbox 2062 3191 3632 3267">
     <span class='ocr_line' id='line_1_88' title="bbox 2062 3191 3632 3267; baseline 0.004 -23"><span class='ocrx_word' id='word_1_655' title='bbox 2062 3191 2290 3263; x_wconf 84' lang='lat' dir='ltr'>Alioqui</span> <span class='ocrx_word' id='word_1_656' title='bbox 2345 3195 2634 3263; x_wconf 87' lang='lat' dir='ltr'>permulta</span> <span class='ocrx_word' id='word_1_657' title='bbox 2663 3194 2721 3250; x_wconf 89' lang='lat' dir='ltr'>in</span> <span class='ocrx_word' id='word_1_658' title='bbox 2765 3198 3013 3267; x_wconf 88' lang='lat' dir='ltr'>utroque</span> <span class='ocrx_word' id='word_1_659' title='bbox 3042 3195 3415 3251; x_wconf 86' lang='lat' dir='ltr'>Testamento</span> <span class='ocrx_word' id='word_1_660' title='bbox 3477 3198 3632 3253; x_wconf 85' lang='lat' dir='ltr'>testi-</span> 
     </span>
    </p>
   </div>
   <div class='ocr_carea' id='block_1_89' title="bbox 1997 3281 3634 3355">
    <p class='ocr_par' dir='ltr' id='par_1_89' title="bbox 1997 3281 3634 3355">
     <span class='ocr_line' id='line_1_89' title="bbox 1997 3281 3634 3355; baseline 0.005 -22"><span class='ocrx_word' id='word_1_661' title='bbox 1997 3281 2193 3335; x_wconf 85' lang='lat' dir='ltr'>monia</span> <span class='ocrx_word' id='word_1_662' title='bbox 2236 3281 2480 3337; x_wconf 89' lang='lat' dir='ltr'>inveniri</span> <span class='ocrx_word' id='word_1_663' title='bbox 2529 3289 2796 3354; x_wconf 89' lang='lat' dir='ltr'>possunt,</span> <span class='ocrx_word' id='word_1_664' title='bbox 2830 3283 3047 3355; x_wconf 90' lang='lat' dir='ltr'>quibus</span> <span class='ocrx_word' id='word_1_665' title='bbox 3093 3284 3416 3341; x_wconf 84' lang='lat' dir='ltr'>Servatoris</span> <span class='ocrx_word' id='word_1_666' title='bbox 3448 3289 3634 3341; x_wconf 78' lang='lat' dir='ltr'>nostri</span> 
     </span>
    </p>
   </div>
   <div class='ocr_carea' id='block_1_90' title="bbox 1994 3370 3635 3445">
    <p class='ocr_par' dir='ltr' id='par_1_90' title="bbox 1994 3370 3635 3445">
     <span class='ocr_line' id='line_1_90' title="bbox 1994 3370 3635 3445; baseline 0.002 -22"><span class='ocrx_word' id='word_1_667' title='bbox 1994 3370 2263 3440; x_wconf 83' lang='lat' dir='ltr'>cognatio</span> <span class='ocrx_word' id='word_1_668' title='bbox 2294 3371 2544 3427; x_wconf 86' lang='lat' dir='ltr'>carnalis</span> <span class='ocrx_word' id='word_1_669' title='bbox 2574 3373 2973 3429; x_wconf 83' lang='lat' dir='ltr'>conﬁrmetur.</span> <span class='ocrx_word' id='word_1_670' title='bbox 3006 3373 3117 3428; x_wconf 88' lang='lat' dir='ltr'>Sed</span> <span class='ocrx_word' id='word_1_671' title='bbox 3167 3373 3290 3429; x_wconf 73' lang='lat' dir='ltr'>haec</span> <span class='ocrx_word' id='word_1_672' title='bbox 3325 3391 3452 3430; x_wconf 90' lang='lat' dir='ltr'>meo</span> <span class='ocrx_word' id='word_1_673' title='bbox 3475 3375 3635 3445; x_wconf 79' lang='lat' dir='ltr'>judi-</span> 
     </span>
    </p>
   </div>
   <div class='ocr_carea' id='block_1_91' title="bbox 1996 3458 3640 3535">
    <p class='ocr_par' dir='ltr' id='par_1_91' title="bbox 1996 3458 3640 3535">
     <span class='ocr_line' id='line_1_91' title="bbox 1996 3458 3640 3535; baseline 0.004 -24"><span class='ocrx_word' id='word_1_674' title='bbox 1996 3458 2084 3513; x_wconf 88' lang='lat' dir='ltr'>cio</span> <span class='ocrx_word' id='word_1_675' title='bbox 2115 3459 2439 3529; x_wconf 83' lang='lat' dir='ltr'>sufﬁciunt,</span> <span class='ocrx_word' id='word_1_676' title='bbox 2472 3462 2628 3532; x_wconf 90' lang='lat' dir='ltr'>quod</span> <span class='ocrx_word' id='word_1_677' title='bbox 2668 3462 2986 3518; x_wconf 84' lang='lat' dir='ltr'>humanam</span> <span class='ocrx_word' id='word_1_678' title='bbox 3021 3469 3290 3519; x_wconf 87' lang='lat' dir='ltr'>naturam</span> <span class='ocrx_word' id='word_1_679' title='bbox 3329 3466 3640 3535; x_wconf 80' lang='lat' dir='ltr'>perfectam</span> 
     </span>
    </p>
   </div>
   <div class='ocr_carea' id='block_1_92' title="bbox 1998 3546 3640 3624">
    <p class='ocr_par' dir='ltr' id='par_1_92' title="bbox 1998 3546 3640 3624">
     <span class='ocr_line' id='line_1_92' title="bbox 1998 3546 3640 3624; baseline 0.003 -22"><span class='ocrx_word' id='word_1_680' title='bbox 1998 3552 2055 3602; x_wconf 88' lang='lat' dir='ltr'>et</span> <span class='ocrx_word' id='word_1_681' title='bbox 2093 3546 2420 3605; x_wconf 83' lang='lat' dir='ltr'>absolutam</span> <span class='ocrx_word' id='word_1_682' title='bbox 2453 3552 2525 3606; x_wconf 88' lang='lat' dir='ltr'>ab</span> <span class='ocrx_word' id='word_1_683' title='bbox 2576 3551 2674 3607; x_wconf 91' lang='lat' dir='ltr'>illo</span> <span class='ocrx_word' id='word_1_684' title='bbox 2733 3556 3102 3624; x_wconf 86' lang='lat' dir='ltr'>assumptam</span> <span class='ocrx_word' id='word_1_685' title='bbox 3145 3552 3327 3608; x_wconf 80' lang='lat' dir='ltr'>fuisse</span> <span class='ocrx_word' id='word_1_686' title='bbox 3377 3554 3640 3609; x_wconf 86' lang='lat' dir='ltr'>doceant.</span> 
     </span>
    </p>
   </div>
   <div class='ocr_carea' id='block_1_93' title="bbox 1998 3638 3641 3710">
    <p class='ocr_par' dir='ltr' id='par_1_93' title="bbox 1998 3638 3641 3710">
     <span class='ocr_line' id='line_1_93' title="bbox 1998 3638 3641 3710; baseline 0.001 -19"><span class='ocrx_word' id='word_1_687' title='bbox 1998 3638 2120 3703; x_wconf 88' lang='lat' dir='ltr'>Qua</span> <span class='ocrx_word' id='word_1_688' title='bbox 2150 3640 2325 3694; x_wconf 86' lang='lat' dir='ltr'>etiam</span> <span class='ocrx_word' id='word_1_689' title='bbox 2359 3640 2430 3696; x_wconf 89' lang='lat' dir='ltr'>de</span> <span class='ocrx_word' id='word_1_690' title='bbox 2460 3657 2632 3696; x_wconf 88' lang='lat' dir='ltr'>causa</span> <span class='ocrx_word' id='word_1_691' title='bbox 2668 3638 2848 3697; x_wconf 84' lang='lat' dir='ltr'>Filius</span> <span class='ocrx_word' id='word_1_692' title='bbox 2885 3640 3135 3710; x_wconf 84' lang='lat' dir='ltr'>Davidis,</span> <span class='ocrx_word' id='word_1_693' title='bbox 3176 3641 3349 3695; x_wconf 85' lang='lat' dir='ltr'>Filius</span> <span class='ocrx_word' id='word_1_694' title='bbox 3377 3639 3641 3708; x_wconf 67' lang='lat' dir='ltr'>Abrahae,</span> 
     </span>
    </p>
   </div>
   <div class='ocr_carea' id='block_1_94' title="bbox 1998 3724 3647 3797">
    <p class='ocr_par' dir='ltr' id='par_1_94' title="bbox 1998 3724 3647 3797">
     <span class='ocr_line' id='line_1_94' title="bbox 1998 3724 3647 3797; baseline -0.001 -15"><span class='ocrx_word' id='word_1_695' title='bbox 1998 3724 2181 3783; x_wconf 81' lang='lat' dir='ltr'>Filius</span> <span class='ocrx_word' id='word_1_696' title='bbox 2212 3729 2492 3797; x_wconf 87' lang='lat' dir='ltr'>hominis,</span> <span class='ocrx_word' id='word_1_697' title='bbox 2526 3730 2732 3797; x_wconf 79' lang='lat' dir='ltr'>Homo,</span> <span class='ocrx_word' id='word_1_698' title='bbox 2764 3731 3047 3796; x_wconf 84' lang='lat' dir='ltr'>Adamus,</span> <span class='ocrx_word' id='word_1_699' title='bbox 3077 3728 3331 3784; x_wconf 87' lang='lat' dir='ltr'>Jacobus</span> <span class='ocrx_word' id='word_1_700' title='bbox 3362 3732 3418 3781; x_wconf 83' lang='lat' dir='ltr'>et</span> <span class='ocrx_word' id='word_1_701' title='bbox 3471 3725 3647 3782; x_wconf 87' lang='lat' dir='ltr'>Israel</span> 
     </span>
    </p>
   </div>
   <div class='ocr_carea' id='block_1_95' title="bbox 2000 3815 3644 3887">
    <p class='ocr_par' dir='ltr' id='par_1_95' title="bbox 2000 3815 3644 3887">
     <span class='ocr_line' id='line_1_95' title="bbox 2000 3815 3644 3887; baseline -0.001 -15"><span class='ocrx_word' id='word_1_702' title='bbox 2000 3816 2188 3872; x_wconf 76' lang='lat' dir='ltr'>dictus</span> <span class='ocrx_word' id='word_1_703' title='bbox 2222 3823 2331 3873; x_wconf 88' lang='lat' dir='ltr'>est.</span> <span class='ocrx_word' id='word_1_704' title='bbox 2356 3818 2859 3880; x_wconf 87' lang='lat' dir='ltr'>Quemadmodum</span> <span class='ocrx_word' id='word_1_705' title='bbox 2902 3818 3058 3872; x_wconf 90' lang='lat' dir='ltr'>enim</span> <span class='ocrx_word' id='word_1_706' title='bbox 3116 3816 3410 3887; x_wconf 84' lang='lat' dir='ltr'>perfectus</span> <span class='ocrx_word' id='word_1_707' title='bbox 3466 3815 3644 3882; x_wconf 88' lang='lat' dir='ltr'>Deus,</span> 
     </span>
    </p>
   </div>
   <div class='ocr_carea' id='block_1_96' title="bbox 2001 3902 3644 3978">
    <p class='ocr_par' dir='ltr' id='par_1_96' title="bbox 2001 3902 3644 3978">
     <span class='ocr_line' id='line_1_96' title="bbox 2001 3902 3644 3978; baseline -0.002 -17"><span class='ocrx_word' id='word_1_708' title='bbox 2001 3905 2082 3961; x_wconf 85' lang='lat' dir='ltr'>ita</span> <span class='ocrx_word' id='word_1_709' title='bbox 2114 3906 2285 3962; x_wconf 87' lang='lat' dir='ltr'>homo</span> <span class='ocrx_word' id='word_1_710' title='bbox 2313 3922 2549 3978; x_wconf 88' lang='lat' dir='ltr'>quoque</span> <span class='ocrx_word' id='word_1_711' title='bbox 2600 3906 2887 3977; x_wconf 79' lang='lat' dir='ltr'>perfectus</span> <span class='ocrx_word' id='word_1_712' title='bbox 2932 3910 3073 3970; x_wconf 86' lang='lat' dir='ltr'>erat,</span> <span class='ocrx_word' id='word_1_713' title='bbox 3109 3904 3423 3975; x_wconf 76' lang='lat' dir='ltr'>perfectam</span> <span class='ocrx_word' id='word_1_714' title='bbox 3456 3902 3644 3959; x_wconf 77' lang='lat' dir='ltr'>homi~</span> 
     </span>
    </p>
   </div>
   <div class='ocr_carea' id='block_1_97' title="bbox 2006 3988 2825 4049">
    <p class='ocr_par' dir='ltr' id='par_1_97' title="bbox 2006 3988 2825 4049">
     <span class='ocr_line' id='line_1_97' title="bbox 2006 3988 2825 4049; baseline 0.001 0"><span class='ocrx_word' id='word_1_715' title='bbox 2006 3996 2185 4049; x_wconf 86' lang='lat' dir='ltr'>nibus</span> <span class='ocrx_word' id='word_1_716' title='bbox 2215 3988 2465 4049; x_wconf 86' lang='lat' dir='ltr'>salutem</span> <span class='ocrx_word' id='word_1_717' title='bbox 2498 3995 2825 4049; x_wconf 85' lang='lat' dir='ltr'>conferens.</span> 
     </span>
    </p>
   </div>
   <div class='ocr_carea' id='block_1_98' title="bbox 2687 4154 2958 4211">
    <p class='ocr_par' dir='ltr' id='par_1_98' title="bbox 2687 4154 2958 4211">
     <span class='ocr_line' id='line_1_98' title="bbox 2687 4154 2958 4211; baseline -0.007 0"><span class='ocrx_word' id='word_1_718' title='bbox 2687 4154 2844 4211; x_wconf 83' lang='lat' dir='ltr'>CAP.</span> <span class='ocrx_word' id='word_1_719' title='bbox 2889 4155 2958 4210; x_wconf 87' lang='lat' dir='ltr'>V.</span> 
     </span>
    </p>
   </div>
   <div class='ocr_carea' id='block_1_99' title="bbox 2012 4297 3652 4371">
    <p class='ocr_par' dir='ltr' id='par_1_99' title="bbox 2012 4297 3652 4371">
     <span class='ocr_line' id='line_1_99' title="bbox 2012 4297 3652 4371; baseline 0.001 -19"><span class='ocrx_word' id='word_1_720' title='bbox 2012 4297 2231 4371; x_wconf 85' lang='lat' dir='ltr'>Quinto</span> <span class='ocrx_word' id='word_1_721' title='bbox 2265 4298 2513 4371; x_wconf 64' lang='lat' dir='ltr'>hnresis.</span> <span class='ocrx_word' id='word_1_722' title='bbox 2545 4297 2867 4354; x_wconf 71' lang='lat' dir='ltr'>Ptolemaei:</span> <span class='ocrx_word' id='word_1_723' title='bbox 2891 4297 2958 4352; x_wconf 89' lang='lat' dir='ltr'>ab</span> <span class='ocrx_word' id='word_1_724' title='bbox 2988 4297 3095 4371; x_wconf 81' lang='lat' dir='ltr'>hac</span> <span class='ocrx_word' id='word_1_725' title='bbox 3115 4298 3211 4368; x_wconf 84' lang='lat' dir='ltr'>qui</span> <span class='ocrx_word' id='word_1_726' title='bbox 3239 4297 3309 4351; x_wconf 87' lang='lat' dir='ltr'>ad</span> <span class='ocrx_word' id='word_1_727' title='bbox 3327 4297 3652 4353; x_wconf 73' lang='lat' dir='ltr'>orthodoreos</span> 
     </span>
    </p>
   </div>
   <div class='ocr_carea' id='block_1_100' title="bbox 2086 4370 3652 4441">
    <p class='ocr_par' dir='ltr' id='par_1_100' title="bbox 2086 4370 3652 4441">
     <span class='ocr_line' id='line_1_100' title="bbox 2086 4370 3652 4441; baseline 0 -16"><span class='ocrx_word' id='word_1_728' title='bbox 2086 4372 2437 4441; x_wconf 81' lang='lat' dir='ltr'>con/ugiunt,</span> <span class='ocrx_word' id='word_1_729' title='bbox 2500 4370 2873 4439; x_wconf 59' lang='lat' dir='ltr'>baptizaretur.</span> <span class='ocrx_word' id='word_1_730' title='bbox 2954 4370 3266 4440; x_wconf 65' lang='lat' dir='ltr'>[Ptolomaei</span> <span class='ocrx_word' id='word_1_731' title='bbox 3350 4374 3405 4423; x_wconf 82' lang='lat' dir='ltr'>et</span> <span class='ocrx_word' id='word_1_732' title='bbox 3490 4371 3652 4441; x_wconf 83' lang='lat' dir='ltr'>Hera-</span> 
     </span>
    </p>
   </div>
   <div class='ocr_carea' id='block_1_101' title="bbox 2080 4439 3649 4499">
    <p class='ocr_par' dir='ltr' id='par_1_101' title="bbox 2080 4439 3649 4499">
     <span class='ocr_line' id='line_1_101' title="bbox 2080 4439 3649 4499; baseline -0.001 -3"><span class='ocrx_word' id='word_1_733' title='bbox 2080 4439 2281 4497; x_wconf 62' lang='lat' dir='ltr'>cleam</span> <span class='ocrx_word' id='word_1_734' title='bbox 2338 4443 2592 4497; x_wconf 85' lang='lat' dir='ltr'>meminit</span> <span class='ocrx_word' id='word_1_735' title='bbox 2646 4443 2894 4499; x_wconf 74' lang='lat' dir='ltr'>Irenseus</span> <span class='ocrx_word' id='word_1_736' title='bbox 2954 4439 3049 4496; x_wconf 82' lang='lat' dir='ltr'>lib.</span> <span class='ocrx_word' id='word_1_737' title='bbox 3134 4457 3152 4496; x_wconf 89' lang='grc' dir='ltr'>ι</span> <span class='ocrx_word' id='word_1_738' title='bbox 3206 4445 3258 4496; x_wconf 85' lang='lat' dir='ltr'>et</span> <span class='ocrx_word' id='word_1_739' title='bbox 3315 4457 3391 4496; x_wconf 78' lang='lat' dir='ltr'>1x.</span> <span class='ocrx_word' id='word_1_740' title='bbox 3455 4439 3649 4496; x_wconf 77' lang='lat' dir='ltr'>Ptole-</span> 
     </span>
    </p>
   </div>
   <div class='ocr_carea' id='block_1_102' title="bbox 2082 4508 3650 4570">
    <p class='ocr_par' dir='ltr' id='par_1_102' title="bbox 2082 4508 3650 4570">
     <span class='ocr_line' id='line_1_102' title="bbox 2082 4508 3650 4570; baseline 0 -3"><span class='ocrx_word' id='word_1_741' title='bbox 2082 4527 2289 4570; x_wconf 59' lang='lat' dir='ltr'>mzum</span> <span class='ocrx_word' id='word_1_742' title='bbox 2312 4512 2657 4569; x_wconf 88' lang='lat' dir='ltr'>Valentinum</span> <span class='ocrx_word' id='word_1_743' title='bbox 2685 4521 2840 4568; x_wconf 85' lang='lat' dir='ltr'>vocat</span> <span class='ocrx_word' id='word_1_744' title='bbox 2867 4510 3065 4567; x_wconf 87' lang='lat' dir='ltr'>Athan.</span> <span class='ocrx_word' id='word_1_745' title='bbox 3114 4508 3211 4568; x_wconf 89' lang='lat' dir='ltr'>lib.</span> <span class='ocrx_word' id='word_1_746' title='bbox 3249 4527 3308 4567; x_wconf 87' lang='grc' dir='ltr'>ιιι</span> <span class='ocrx_word' id='word_1_747' title='bbox 3340 4517 3530 4567; x_wconf 88' lang='lat' dir='ltr'>contra</span> <span class='ocrx_word' id='word_1_748' title='bbox 3576 4512 3650 4567; x_wconf 82' lang='lat' dir='ltr'>A-</span> 
     </span>
    </p>
   </div>
   <div class='ocr_carea' id='block_1_103' title="bbox 2080 4584 2535 4657">
    <p class='ocr_par' dir='ltr' id='par_1_103' title="bbox 2080 4584 2535 4657">
     <span class='ocr_line' id='line_1_103' title="bbox 2080 4584 2535 4657; baseline 0 -18"><span class='ocrx_word' id='word_1_749' title='bbox 2080 4586 2290 4649; x_wconf 86' lang='lat' dir='ltr'>rianos,</span> <span class='ocrx_word' id='word_1_750' title='bbox 2314 4598 2434 4657; x_wconf 88' lang='lat' dir='ltr'>cap.</span> <span class='ocrx_word' id='word_1_751' title='bbox 2457 4584 2535 4655; x_wconf 85' lang='grc'>5.]</span> 
     </span>
    </p>
   </div>
   <div class='ocr_carea' id='block_1_104' title="bbox 2079 4726 3652 4802">
    <p class='ocr_par' dir='ltr' id='par_1_104' title="bbox 2079 4726 3652 4802">
     <span class='ocr_line' id='line_1_104' title="bbox 2079 4726 3652 4802; baseline -0.001 -17"><span class='ocrx_word' id='word_1_752' title='bbox 2079 4729 2390 4786; x_wconf 87' lang='lat' dir='ltr'>Gnosticos</span> <span class='ocrx_word' id='word_1_753' title='bbox 2443 4729 2537 4784; x_wconf 89' lang='lat' dir='ltr'>hic</span> <span class='ocrx_word' id='word_1_754' title='bbox 2580 4730 2844 4802; x_wconf 85' lang='lat' dir='ltr'>impuros</span> <span class='ocrx_word' id='word_1_755' title='bbox 2895 4729 3181 4801; x_wconf 88' lang='lat' dir='ltr'>sequitur.</span> <span class='ocrx_word' id='word_1_756' title='bbox 3215 4732 3294 4785; x_wconf 88' lang='lat' dir='ltr'>De</span> <span class='ocrx_word' id='word_1_757' title='bbox 3369 4726 3652 4794; x_wconf 83' lang='lat' dir='ltr'>aeonibus,</span> 
     </span>
    </p>
   </div>
   <div class='ocr_carea' id='block_1_105' title="bbox 2011 4816 3655 4889">
    <p class='ocr_par' dir='ltr' id='par_1_105' title="bbox 2011 4816 3655 4889">
     <span class='ocr_line' id='line_1_105' title="bbox 2011 4816 3655 4889; baseline -0.003 -15"><span class='ocrx_word' id='word_1_758' title='bbox 2011 4835 2113 4874; x_wconf 84' lang='lat' dir='ltr'>seu</span> <span class='ocrx_word' id='word_1_759' title='bbox 2145 4820 2400 4889; x_wconf 66' lang='lat' dir='ltr'>saeculis,</span> <span class='ocrx_word' id='word_1_760' title='bbox 2460 4820 2611 4875; x_wconf 89' lang='lat' dir='ltr'>idem</span> <span class='ocrx_word' id='word_1_761' title='bbox 2671 4835 2805 4875; x_wconf 90' lang='lat' dir='ltr'>cum</span> <span class='ocrx_word' id='word_1_762' title='bbox 2883 4817 3193 4875; x_wconf 88' lang='lat' dir='ltr'>Valentino</span> <span class='ocrx_word' id='word_1_763' title='bbox 3253 4818 3447 4874; x_wconf 83' lang='lat' dir='ltr'>sentit.</span> <span class='ocrx_word' id='word_1_764' title='bbox 3481 4816 3655 4872; x_wconf 77' lang='lat' dir='ltr'>Addit</span> 
     </span>
    </p>
   </div>
   <div class='ocr_carea' id='block_1_106' title="bbox 2009 4905 3653 4980">
    <p class='ocr_par' dir='ltr' id='par_1_106' title="bbox 2009 4905 3653 4980">
     <span class='ocr_line' id='line_1_106' title="bbox 2009 4905 3653 4980; baseline -0.004 -18"><span class='ocrx_word' id='word_1_765' title='bbox 2009 4908 2252 4980; x_wconf 88' lang='lat' dir='ltr'>insuper</span> <span class='ocrx_word' id='word_1_766' title='bbox 2265 4908 2578 4979; x_wconf 89' lang='lat' dir='ltr'>Deo,quem</span> <span class='ocrx_word' id='word_1_767' title='bbox 2608 4907 2706 4965; x_wconf 87' lang='lat' dir='ltr'>ille</span> <span class='ocrx_word' id='word_1_768' title='bbox 2732 4907 2982 4979; x_wconf 86' lang='lat' dir='ltr'>Bythum</span> <span class='ocrx_word' id='word_1_769' title='bbox 3007 4910 3189 4967; x_wconf 82' lang='lat' dir='ltr'>vocat.</span> <span class='ocrx_word' id='word_1_770' title='bbox 3208 4905 3354 4961; x_wconf 84' lang='lat' dir='ltr'>duas</span> <span class='ocrx_word' id='word_1_771' title='bbox 3368 4920 3497 4959; x_wconf 87' lang='lat' dir='ltr'>esse</span> <span class='ocrx_word' id='word_1_772' title='bbox 3513 4920 3653 4958; x_wconf 84' lang='lat' dir='ltr'>con-</span> 
     </span>
    </p>
   </div>
   <div class='ocr_carea' id='block_1_107' title="bbox 2002 4992 3652 5069">
    <p class='ocr_par' dir='ltr' id='par_1_107' title="bbox 2002 4992 3652 5069">
     <span class='ocr_line' id='line_1_107' title="bbox 2002 4992 3652 5069; baseline -0.004 -18"><span class='ocrx_word' id='word_1_773' title='bbox 2002 4998 2197 5069; x_wconf 85' lang='lat' dir='ltr'>jugcs.</span> <span class='ocrx_word' id='word_1_774' title='bbox 2232 4999 2493 5053; x_wconf 78' lang='lat' dir='ltr'>Enmsam</span> <span class='ocrx_word' id='word_1_775' title='bbox 2527 5014 2627 5051; x_wconf 88' lang='lat' dir='ltr'>seu</span> <span class='ocrx_word' id='word_1_776' title='bbox 2684 4996 3116 5068; x_wconf 84' lang='lat' dir='ltr'>cogitationem,</span> <span class='ocrx_word' id='word_1_777' title='bbox 3149 4998 3207 5048; x_wconf 90' lang='lat' dir='ltr'>et</span> <span class='ocrx_word' id='word_1_778' title='bbox 3235 4992 3529 5057; x_wconf 83' lang='lat' dir='ltr'>Thelema,</span> <span class='ocrx_word' id='word_1_779' title='bbox 3553 5006 3652 5046; x_wconf 81' lang='lat' dir='ltr'>seu</span> 
     </span>
    </p>
   </div>
   <div class='ocr_carea' id='block_1_108' title="bbox 2009 5078 3651 5158">
    <p class='ocr_par' dir='ltr' id='par_1_108' title="bbox 2009 5078 3651 5158">
     <span class='ocr_line' id='line_1_108' title="bbox 2009 5078 3651 5158; baseline -0.004 -19"><span class='ocrx_word' id='word_1_780' title='bbox 2009 5086 2366 5142; x_wconf 84' lang='lat' dir='ltr'>voluntatem</span> <span class='ocrx_word' id='word_1_781' title='bbox 2408 5102 2421 5141; x_wconf 91' lang='lat'><strong>:</strong></span> <span class='ocrx_word' id='word_1_782' title='bbox 2456 5085 2710 5158; x_wconf 89' lang='lat' dir='ltr'>primum</span> <span class='ocrx_word' id='word_1_783' title='bbox 2756 5083 2936 5153; x_wconf 88' lang='lat' dir='ltr'>enim,</span> <span class='ocrx_word' id='word_1_784' title='bbox 2970 5081 3164 5155; x_wconf 90' lang='lat' dir='ltr'>inquit</span> <span class='ocrx_word' id='word_1_785' title='bbox 3206 5078 3321 5149; x_wconf 90' lang='lat' dir='ltr'>ille,</span> <span class='ocrx_word' id='word_1_786' title='bbox 3355 5078 3651 5152; x_wconf 85' lang='lat' dir='ltr'>cogitavit,</span> 
     </span>
    </p>
   </div>
   <div class='ocr_carea' id='block_1_109' title="bbox 2009 5167 3652 5240">
    <p class='ocr_par' dir='ltr' id='par_1_109' title="bbox 2009 5167 3652 5240">
     <span class='ocr_line' id='line_1_109' title="bbox 2009 5167 3652 5240; baseline -0.005 -11"><span class='ocrx_word' id='word_1_787' title='bbox 2009 5174 2219 5231; x_wconf 84' lang='lat' dir='ltr'>deinde</span> <span class='ocrx_word' id='word_1_788' title='bbox 2251 5175 2450 5230; x_wconf 90' lang='lat' dir='ltr'>voluit.</span> <span class='ocrx_word' id='word_1_789' title='bbox 2474 5175 2625 5230; x_wconf 79' lang='lat' dir='ltr'>Idem</span> <span class='ocrx_word' id='word_1_790' title='bbox 2660 5173 2837 5229; x_wconf 86' lang='lat' dir='ltr'>etiam</span> <span class='ocrx_word' id='word_1_791' title='bbox 2862 5175 2933 5229; x_wconf 89' lang='lat' dir='ltr'>ad</span> <span class='ocrx_word' id='word_1_792' title='bbox 2959 5176 3280 5226; x_wconf 79' lang='lat' dir='ltr'>matronam</span> <span class='ocrx_word' id='word_1_793' title='bbox 3320 5167 3652 5240; x_wconf 86' lang='lat' dir='ltr'>quamdam,</span> 
     </span>
    </p>
   </div>
   <div class='ocr_carea' id='block_1_110' title="bbox 2011 5256 3655 5333">
    <p class='ocr_par' dir='ltr' id='par_1_110' title="bbox 2011 5256 3655 5333">
     <span class='ocr_line' id='line_1_110' title="bbox 2011 5256 3655 5333; baseline -0.005 -14"><span class='ocrx_word' id='word_1_794' title='bbox 2011 5264 2248 5320; x_wconf 82' lang='lat' dir='ltr'>nomine</span> <span class='ocrx_word' id='word_1_795' title='bbox 2280 5264 2506 5320; x_wconf 88' lang='lat' dir='ltr'>Floram</span> <span class='ocrx_word' id='word_1_796' title='bbox 2555 5262 2841 5333; x_wconf 87' lang='lat' dir='ltr'>scribens,</span> <span class='ocrx_word' id='word_1_797' title='bbox 2872 5263 2928 5315; x_wconf 92' lang='lat' dir='ltr'>in</span> <span class='ocrx_word' id='word_1_798' title='bbox 2967 5260 3152 5331; x_wconf 81' lang='lat' dir='ltr'>legem</span> <span class='ocrx_word' id='word_1_799' title='bbox 3183 5258 3345 5313; x_wconf 84' lang='lat' dir='ltr'>illam</span> <span class='ocrx_word' id='word_1_800' title='bbox 3378 5256 3655 5327; x_wconf 83' lang='lat' dir='ltr'>blasphe-</span> 
     </span>
    </p>
   </div>
   <div class='ocr_carea' id='block_1_111' title="bbox 2011 5347 3656 5423">
    <p class='ocr_par' dir='ltr' id='par_1_111' title="bbox 2011 5347 3656 5423">
     <span class='ocr_line' id='line_1_111' title="bbox 2011 5347 3656 5423; baseline -0.005 -15"><span class='ocrx_word' id='word_1_801' title='bbox 2011 5369 2141 5409; x_wconf 91' lang='lat' dir='ltr'>mus</span> <span class='ocrx_word' id='word_1_802' title='bbox 2172 5353 2488 5418; x_wconf 88' lang='lat' dir='ltr'>invehitur,</span> <span class='ocrx_word' id='word_1_803' title='bbox 2524 5366 2698 5423; x_wconf 87' lang='lat' dir='ltr'>quam</span> <span class='ocrx_word' id='word_1_804' title='bbox 2725 5367 2825 5423; x_wconf 89' lang='lat' dir='ltr'>per</span> <span class='ocrx_word' id='word_1_805' title='bbox 2852 5354 3103 5422; x_wconf 81' lang='lat' dir='ltr'>Moysem</span> <span class='ocrx_word' id='word_1_806' title='bbox 3138 5347 3292 5404; x_wconf 88' lang='lat' dir='ltr'>dedit</span> <span class='ocrx_word' id='word_1_807' title='bbox 3323 5354 3475 5404; x_wconf 80' lang='lat' dir='ltr'>Deus</span> <span class='ocrx_word' id='word_1_808' title='bbox 3505 5362 3520 5416; x_wconf 91' lang='lat'><strong>;</strong></span> <span class='ocrx_word' id='word_1_809' title='bbox 3558 5361 3656 5401; x_wconf 85' lang='lat' dir='ltr'>so-</span> 
     </span>
    </p>
   </div>
   <div class='ocr_carea' id='block_1_112' title="bbox 2006 5440 3656 5515">
    <p class='ocr_par' dir='ltr' id='par_1_112' title="bbox 2006 5440 3656 5515">
     <span class='ocr_line' id='line_1_112' title="bbox 2006 5440 3656 5515; baseline -0.007 -16"><span class='ocrx_word' id='word_1_810' title='bbox 2006 5444 2249 5515; x_wconf 89' lang='lat' dir='ltr'>lumque</span> <span class='ocrx_word' id='word_1_811' title='bbox 2282 5441 2633 5515; x_wconf 82' lang='lat' dir='ltr'>Decalogum</span> <span class='ocrx_word' id='word_1_812' title='bbox 2664 5460 2696 5498; x_wconf 78' lang='grc' dir='ltr'>ιι</span> <span class='ocrx_word' id='word_1_813' title='bbox 2728 5440 2841 5498; x_wconf 90' lang='lat' dir='ltr'>Deo</span> <span class='ocrx_word' id='word_1_814' title='bbox 2890 5440 3092 5496; x_wconf 89' lang='lat' dir='ltr'>datum</span> <span class='ocrx_word' id='word_1_815' title='bbox 3128 5456 3141 5495; x_wconf 88' lang='lat'><strong>:</strong></span> <span class='ocrx_word' id='word_1_816' title='bbox 3176 5444 3511 5495; x_wconf 64' lang='lat' dir='ltr'>cancrorum</span> <span class='ocrx_word' id='word_1_817' title='bbox 3556 5450 3656 5488; x_wconf 85' lang='lat' dir='ltr'>au-</span> 
     </span>
    </p>
   </div>
   <div class='ocr_carea' id='block_1_113' title="bbox 386 5547 1885 5625">
    <p class='ocr_par' dir='ltr' id='par_1_113' title="bbox 386 5547 1885 5625">
     <span class='ocr_line' id='line_1_113' title="bbox 386 5547 1885 5625; baseline 0.01 -25"><span class='ocrx_word' id='word_1_818' title='bbox 386 5547 432 5625; x_wconf 59' lang='lat' dir='ltr'>1f</span> <span class='ocrx_word' id='word_1_819' title='bbox 454 5547 710 5625; x_wconf 34' lang='grc' dir='ltr'>Δ(Ξιιιιιί-ιιι,</span> <span class='ocrx_word' id='word_1_820' title='bbox 746 5551 831 5625; x_wconf 80' lang='lat' dir='ltr'>t_6.</span> <span class='ocrx_word' id='word_1_821' title='bbox 894 5547 942 5585; x_wconf 68' lang='lat'>‘7</span> <span class='ocrx_word' id='word_1_822' title='bbox 975 5548 1123 5605; x_wconf 86' lang='lat' dir='ltr'>Ibid.</span> <span class='ocrx_word' id='word_1_823' title='bbox 1163 5548 1234 5625; x_wconf 52' lang='lat' dir='ltr'>f3</span> <span class='ocrx_word' id='word_1_824' title='bbox 1261 5550 1445 5625; x_wconf 71' lang='lat' dir='ltr'>Hebr,</span> <span class='ocrx_word' id='word_1_825' title='bbox 1468 5569 1531 5625; x_wconf 82' lang='lat' dir='ltr'>II,</span> <span class='ocrx_word' id='word_1_826' title='bbox 1571 5554 1654 5625; x_wconf 72' lang='lat'>16.</span> <span class='ocrx_word' id='word_1_827' title='bbox 1721 5555 1767 5590; x_wconf 78' lang='grc'>¹⁹</span> <span class='ocrx_word' id='word_1_828' title='bbox 1813 5558 1885 5615; x_wconf 84' lang='lat' dir='ltr'>Ge</span> 
     </span>
    </p>
   </div>
   <div class='ocr_carea' id='block_1_114' title="bbox 2001 5547 3652 5625">
    <p class='ocr_par' dir='ltr' id='par_1_114' title="bbox 2008 5553 3652 5625">
     <span class='ocr_line' id='line_1_114' title="bbox 2008 5553 3652 5625; baseline -0.004 -10"><span class='ocrx_word' id='word_1_829' title='bbox 2008 5577 2157 5621; x_wconf 70' lang='grc' dir='ltr'>κως,</span> <span class='ocrx_word' id='word_1_830' title='bbox 2217 5560 2305 5614; x_wconf 80' lang='grc'>10.</span> <span class='ocrx_word' id='word_1_831' title='bbox 2356 5560 2402 5593; x_wconf 81' lang='grc'>²⁰</span> <span class='ocrx_word' id='word_1_832' title='bbox 2458 5558 2628 5614; x_wconf 90' lang='lat' dir='ltr'>Mich.</span> <span class='ocrx_word' id='word_1_833' title='bbox 2662 5575 2715 5625; x_wconf 93' lang='lat' dir='ltr'>v,</span> <span class='ocrx_word' id='word_1_834' title='bbox 2761 5557 2816 5613; x_wconf 86' lang='lat'>2.</span> <span class='ocrx_word' id='word_1_835' title='bbox 2877 5558 2922 5592; x_wconf 77' lang='grc'>²¹</span> <span class='ocrx_word' id='word_1_836' title='bbox 2985 5555 3190 5610; x_wconf 88' lang='lat' dir='ltr'>Matth.</span> <span class='ocrx_word' id='word_1_837' title='bbox 3224 5571 3288 5624; x_wconf 88' lang='grc' dir='ltr'>ιι,</span> <span class='ocrx_word' id='word_1_838' title='bbox 3317 5555 3370 5609; x_wconf 89' lang='grc'>6.</span> <span class='ocrx_word' id='word_1_839' title='bbox 3405 5553 3452 5589; x_wconf 68' lang='grc'>³³</span> <span class='ocrx_word' id='word_1_840' title='bbox 3481 5554 3652 5609; x_wconf 82' lang='lat' dir='ltr'>Hebr.</span> 
     </span>
    </p>
   </div>
   <div class='ocr_carea' id='block_1_115' title="bbox 218 5619 1885 5701">
    <p class='ocr_par' dir='ltr' id='par_1_115' title="bbox 218 5619 1885 5701">
     <span class='ocr_line' id='line_1_115' title="bbox 218 5619 1885 5701; baseline 0.005 -24"><span class='ocrx_word' id='word_1_841' title='bbox 218 5636 346 5687; x_wconf 80' lang='lat' dir='ltr'>vn,</span> <span class='ocrx_word' id='word_1_842' title='bbox 369 5619 547 5701; x_wconf 44' lang='lat' dir='ltr'>A14.“</span> <span class='ocrx_word' id='word_1_843' title='bbox 646 5620 801 5701; x_wconf 62' lang='lat' dir='ltr'>Rsal.</span> <span class='ocrx_word' id='word_1_844' title='bbox 863 5637 1131 5701; x_wconf 54' lang='lat' dir='ltr'>Lsxxyyb</span> <span class='ocrx_word' id='word_1_845' title='bbox 1160 5622 1215 5679; x_wconf 83' lang='lat'>5.</span> <span class='ocrx_word' id='word_1_846' title='bbox 1290 5623 1336 5655; x_wconf 78' lang='lat'><strong>&quot;</strong></span> <span class='ocrx_word' id='word_1_847' title='bbox 1366 5623 1513 5701; x_wconf 80' lang='lat' dir='ltr'>Ibid.</span> <span class='ocrx_word' id='word_1_848' title='bbox 1572 5624 1686 5701; x_wconf 89' lang='lat'>30._</span> <span class='ocrx_word' id='word_1_849' title='bbox 1740 5627 1785 5701; x_wconf 56' lang='grc' dir='ltr'>ξ’</span> <span class='ocrx_word' id='word_1_850' title='bbox 1815 5631 1885 5686; x_wconf 89' lang='lat' dir='ltr'>Ib:</span> 
     </span>
    </p>
   </div>
   <div class='ocr_carea' id='block_1_116' title="bbox 2001 5619 3653 5701">
    <p class='ocr_par' dir='ltr' id='par_1_116' title="bbox 2001 5619 3653 5701">
     <span class='ocr_line' id='line_1_116' title="bbox 2001 5619 3653 5701; baseline -0.002 -14"><span class='ocrx_word' id='word_1_851' title='bbox 2001 5619 2177 5695; x_wconf 83' lang='lat'>35,36.</span> <span class='ocrx_word' id='word_1_852' title='bbox 2256 5629 2302 5665; x_wconf 83' lang='grc'>²⁶</span> <span class='ocrx_word' id='word_1_853' title='bbox 2360 5630 2467 5686; x_wconf 87' lang='lat' dir='ltr'>Isa.</span> <span class='ocrx_word' id='word_1_854' title='bbox 2529 5647 2608 5701; x_wconf 73' lang='grc' dir='ltr'>χι,</span> <span class='ocrx_word' id='word_1_855' title='bbox 2669 5619 2712 5684; x_wconf 74' lang='grc'>1’</span> <span class='ocrx_word' id='word_1_856' title='bbox 2757 5644 2914 5701; x_wconf 82' lang='lat' dir='ltr'>seqq.</span> <span class='ocrx_word' id='word_1_857' title='bbox 2996 5625 3043 5661; x_wconf 82' lang='grc'>²⁷</span> <span class='ocrx_word' id='word_1_858' title='bbox 3086 5626 3231 5682; x_wconf 89' lang='lat' dir='ltr'>Ibid.</span> <span class='ocrx_word' id='word_1_859' title='bbox 3270 5619 3368 5683; x_wconf 67' lang='grc'>⁷11.</span> <span class='ocrx_word' id='word_1_860' title='bbox 3446 5625 3491 5660; x_wconf 64' lang='grc'>2⁸</span> <span class='ocrx_word' id='word_1_861' title='bbox 3538 5626 3653 5683; x_wconf 83' lang='lat' dir='ltr'>lea.</span> 
     </span>
    </p>
   </div>
   <div class='ocr_carea' id='block_1_117' title="bbox 214 5691 1885 5773">
    <p class='ocr_par' dir='ltr' id='par_1_117' title="bbox 214 5691 1885 5767">
     <span class='ocr_line' id='line_1_117' title="bbox 214 5691 1885 5767; baseline 0.007 -21"><span class='ocrx_word' id='word_1_862' title='bbox 214 5708 337 5761; x_wconf 74' lang='lat' dir='ltr'>LV,</span> <span class='ocrx_word' id='word_1_863' title='bbox 368 5691 423 5747; x_wconf 94' lang='lat'>3.</span> <span class='ocrx_word' id='word_1_864' title='bbox 503 5691 547 5727; x_wconf 68' lang='grc' dir='ltr'>’θ</span> <span class='ocrx_word' id='word_1_865' title='bbox 576 5691 779 5750; x_wconf 87' lang='lat' dir='ltr'>Matth.</span> <span class='ocrx_word' id='word_1_866' title='bbox 812 5709 852 5761; x_wconf 81' lang='lat'>1,</span> <span class='ocrx_word' id='word_1_867' title='bbox 889 5693 937 5749; x_wconf 93' lang='grc'>1.</span> <span class='ocrx_word' id='word_1_868' title='bbox 1016 5691 1065 5727; x_wconf 83' lang='grc' dir='ltr'>³ο</span> <span class='ocrx_word' id='word_1_869' title='bbox 1090 5693 1252 5749; x_wconf 78' lang='lat' dir='ltr'>Rom.</span> <span class='ocrx_word' id='word_1_870' title='bbox 1287 5711 1327 5765; x_wconf 84' lang='lat'>1,</span> <span class='ocrx_word' id='word_1_871' title='bbox 1367 5697 1384 5749; x_wconf 89' lang='grc' dir='ltr'>ι</span> <span class='ocrx_word' id='word_1_872' title='bbox 1422 5710 1588 5767; x_wconf 86' lang='lat' dir='ltr'>seqq,</span> <span class='ocrx_word' id='word_1_873' title='bbox 1665 5697 1708 5735; x_wconf 84' lang='grc'>⁸¹</span> <span class='ocrx_word' id='word_1_874' title='bbox 1744 5694 1885 5758; x_wconf 79' lang='lat' dir='ltr'>Rom</span> 
     </span>
    </p>
   </div>
   <div class='ocr_carea' id='block_1_118' title="bbox 2001 5691 2961 5773">
    <p class='ocr_par' dir='ltr' id='par_1_118' title="bbox 2001 5691 2961 5773">
     <span class='ocr_line' id='line_1_118' title="bbox 2001 5691 2961 5773; baseline -0.002 -16"><span class='ocrx_word' id='word_1_875' title='bbox 2001 5746 2025 5773; x_wconf 76' lang='lat'>,,</span> <span class='ocrx_word' id='word_1_876' title='bbox 2056 5691 2110 5759; x_wconf 85' lang='lat'>5.</span> <span class='ocrx_word' id='word_1_877' title='bbox 2192 5701 2238 5738; x_wconf 70' lang='grc' dir='ltr'>ει</span> <span class='ocrx_word' id='word_1_878' title='bbox 2267 5703 2318 5759; x_wconf 87' lang='lat' dir='ltr'>n</span> <span class='ocrx_word' id='word_1_879' title='bbox 2348 5702 2499 5759; x_wconf 87' lang='lat' dir='ltr'>Tim.</span> <span class='ocrx_word' id='word_1_880' title='bbox 2532 5691 2674 5773; x_wconf 82' lang='lat' dir='ltr'>n,&#39;s.</span> 
     </span>
    </p>
   </div>
  </div>
