4066 6208
454 381 608 444 1255

1763 358 2072 422 ΝΙΟΕΤΕ
2115 352 2538 418 ΟΗΟΝΙΑΤᾸΞ

3710 347 3868 406 1256

451 523 570 574 tem
619 513 971 584 scriptorum
1012 505 1126 564 alia
1173 501 1353 576 Moysi
1399 499 1608 572 ipsius,
1641 495 1755 553 alia
1796 493 2094 550 seniorum
2124 489 2174 556 Α
2209 486 2398 558 pheta:
2422 483 2494 554 ³⁷,
2525 491 2633 539 etc.
2673 483 2818 538 ltem
2850 497 2864 537 :
2898 481 2958 535 Si
2987 479 3108 551 quis
3142 479 3374 535 solverit
3395 493 3574 534 unum
3612 477 3679 532 de
3711 493 3864 531 man-

456 606 656 681 populi
691 601 925 678 propria
953 614 1082 654 esse
1104 591 1420 652 contendit.

767 717 1051 769 Haereseos
1079 702 1438 776 praecedentis
1465 697 1782 768 confutatio.

527 824 675 890 Quia
748 817 1013 880 Gnostici
1068 809 1404 871 omnimoda
1467 805 1699 862 honesti
1765 794 2097 873 ignorantia

458 913 828 975 laborabant,
883 905 1102 962 idcirco
1156 899 1344 956 malos
1398 896 1570 952 etiam
1619 895 1912 948 damones
1969 883 2095 940 suis

453 1005 514 1059 in
567 997 1014 1058 Traditionibus
1062 999 1116 1048 et
1165 987 1496 1047 actionibus
1545 979 1913 1038 invocabant.
1980 975 2097 1028 Ita-

460 1108 571 1164 que
629 1089 970 1146 Ptolemaaus
1021 1083 1117 1138 hic
1177 1075 1436 1152 profanis
1488 1071 1731 1128 illorum
1806 1060 2096 1164 dogmatis

459 1151 858 1244 subscribens,
881 1175 1150 1244 impurus
1181 1151 1418 1240 quidem
1451 1163 1582 1228 fuit,
1616 1159 1752 1230 quia
1781 1170 1963 1211 caecos
1985 1151 2098 1206 du-

459 1287 556 1327 ces
599 1271 854 1332 secutus,
903 1259 1190 1334 impurior
1217 1272 1373 1323 vero,
1405 1251 1545 1326 quia
1593 1263 1769 1305 sensu
1827 1255 2094 1316 perverso

455 1362 735 1417 Ennaeam
766 1360 822 1411 et
850 1351 1148 1414 Thelema,
1182 1364 1287 1403 seu
1338 1341 1747 1415 cogitationem
1788 1340 1846 1390 et
1891 1329 2098 1387 volun-

459 1455 660 1512 tatem,
684 1459 909 1501 necnon
942 1445 1122 1495 Deum
1157 1447 1390 1506 quoque
1414 1429 1652 1502 Bythum
1677 1423 2045 1479 commentus
2079 1429 2092 1468 :

455 1510 857 1605 nonnullaque
887 1531 1028 1586 adeo
1061 1524 1478 1589 fabulamenta,
1511 1518 1688 1590 digna
1716 1529 1844 1585 quae
1875 1510 1932 1564 in
1968 1521 2098 1580 pro-

451 1627 692 1682 fundam
728 1601 893 1694 βῗδθοῦ
927 1614 1230 1672 infernalis
1257 1609 1600 1681 voraginem
1633 1601 2054 1670 demergantur
2083 1636 2101 1664 ,

457 1728 704 1788 quorum
739 1709 974 1782 quidem
1008 1701 1264 1760 narratio
1298 1699 1458 1754 sanis
1492 1694 1734 1751 auribus
1765 1687 1998 1744 taedium
2018 1684 2098 1740 af-

460 1805 606 1860 ferre
637 1801 803 1858 solet.

528 1851 864 1949 idem—atra
905 1885 1022 1941 bile
1054 1881 1206 1938 baud
1266 1876 1443 1934 dubie
1491 1873 1767 1945 percitus,
1798 1872 1854 1924 et
1903 1866 2094 1936 impos
2125 1851 2172 1916 Β

458 1980 661 2047 animi,
717 1976 1036 2047 linguaque
1094 1965 1319 2040 procaci
1381 1967 1438 2020 et
1486 1959 1724 2027 et'frtsni,
1780 1954 2095 2012 Mosaicam

459 2069 646 2140 legem
707 2041 1004 2128 vellicans,
1064 2074 1130 2114 ex
1191 2056 1318 2126 ejus
1374 2046 1894 2109 constitutionibus
1953 2041 2097 2097 alias

457 2157 582 2222 Dei,
616 2155 759 2212 alias
789 2153 1038 2217 Moseos,
1071 2146 1215 2202 alias
1262 2141 1516 2213 denique
1562 2137 1861 2195 seniorum
1913 2129 2098 2204 plebis

454 2263 626 2303 voces
655 2261 784 2302 esse
833 2242 1063 2299 asserit.
1097 2236 1304 2294 Nescio
1358 2233 1514 2290 unde
1544 2231 1616 2286 ad
1667 2229 1782 2284 haec
1815 2223 2100 2280 deblatte-

457 2336 643 2392 randa
681 2327 1314 2399 adductus,praasertim
1366 2327 1455 2378 tot
1509 2333 1795 2376 annorum
1839 2311 2100 2368 millibus

458 2443 490 2480 a
518 2428 672 2478 Moss
705 2425 866 2489 nato,
898 2419 1143 2489 legeque
1175 2416 1248 2470 ab
1277 2412 1480 2470 eodem
1534 2409 1654 2464 lata
1683 2403 1900 2462 exactis
1931 2403 1947 2474 (
1983 2400 2098 2456 uti-

459 2529 597 2568 nam
613 2517 788 2566 natus
801 2523 1104 2578 nunquam
1123 2506 1326 2560 fuisset
1341 2501 1380 2572 l)
1397 2499 1509 2554 nisi
1529 2499 1676 2553 forte
1691 2510 1882 2565 nugas
1899 2491 2102 2560 hujus-

461 2599 690 2658 cemodi
719 2599 790 2654 ab
821 2598 1033 2652 Ennaea
1063 2593 1162 2650 illa
1187 2597 1243 2648 et
1270 2589 1522 2655 Thelcsi,
1555 2601 1706 2658 quas
1725 2583 1828 2638 deo
1855 2597 1963 2636 suo
1994 2579 2103 2647 By-

461 2689 560 2746 tho
592 2688 866 2760 nupsisse
895 2685 1086 2757 ﬁngit,
1117 2679 1391 2738 didicisse
1419 2677 1670 2741 videtur,
1695 2686 1936 2744 prorsus
1959 2665 2104 2722 obli-

460 2785 556 2836 tus
588 2795 650 2834 ea
684 2779 815 2849 ipsa
842 2781 1020 2831 Deum
1045 2771 1226 2829 Mosis
1253 2785 1349 2824 ore
1371 2767 1630 2824 locutum
1652 2777 1804 2828 esse,
1829 2772 2100 2830 quaecun-

463 2885 577 2941 que
609 2886 642 2924 a
669 2846 830 2923 Mose
855 2863 1090 2932 tradita,
1123 2860 1405 2929 librisque
1436 2857 1672 2911 exarata
1703 2856 1854 2906 sunt.
1891 2846 2102 2910 Quem-

463 2958 783 3014 admodum
809 2971 877 3010 ex
909 2952 1008 3008 illa
1049 2947 1441 3006 exsecratione
1471 2941 1642 2999 facile
1683 2937 1944 3004 colligas,
1979 2949 2102 3004 quas

465 3050 931 3115 contemptorum
1017 3039 1163 3110 legis
1243 3033 1568 3091 cervicibus
1643 3026 1932 3084 imminet.
2015 3021 2105 3076 Ait

467 3133 622 3190 enim
657 3149 671 3188 :
709 3130 1058 3197 Maledictus,
1104 3127 1200 3199 qui
1251 3140 1359 3180 non
1417 3127 1696 3194 permanet
1769 3121 1828 3171 in
1897 3125 2106 3168 sermo~

465 3223 630 3279 nibus
659 3222 794 3290 legis
823 3219 987 3286 huius
1015 3217 1062 3252 ⁸³
1093 3232 1106 3272 :
1137 3214 1354 3287 quibus
1402 3209 1585 3266 verbis
1635 3220 1868 3262 omnem
1917 3199 2101 3272 legem
2137 3219 2180 3286 ρ

465 3309 763 3381 intelligit.

538 3398 880 3454 Universam
929 3411 1098 3468 porro
1145 3392 1330 3461 legem
1391 3386 1669 3443 divinitus
1712 3384 1906 3438 datam
1956 3392 2106 3444 esse,

467 3504 603 3544 cum
635 3503 702 3542 ex
733 3485 861 3542 aliis
895 3501 1009 3538 non
1037 3480 1236 3554 paucis
1256 3479 1488 3549 Scriptu
1502 3491 1573 3530 rte
1597 3488 1773 3528 sacrae
1793 3467 1956 3537 locis,
1983 3472 2104 3520 tum

467 3595 537 3634 ex
577 3577 738 3632 hisce
764 3573 962 3629 verbis
1019 3571 1217 3626 videre
1251 3572 1360 3631 est,
1392 3582 1521 3638 qum
1576 3559 1777 3617 Davidi
1826 3557 2108 3613 divinitus

468 3667 624 3722 dicta
680 3662 955 3720 sunt:Si
1005 3657 1370 3716 custodierint
1420 3653 1536 3726 ﬁlii
1595 3652 1680 3706 tui
1728 3651 2110 3703 testamentum

465 3772 668 3826 meum,
699 3762 751 3809 et
780 3751 1094 3808 testimonia
1125 3764 1247 3803 mea
1291 3746 1412 3802 haec
1440 3758 1559 3814 qua
1612 3738 1812 3794 docebo
1852 3735 1977 3790 illos
1998 3753 2016 3788 :
2049 3733 2111 3786 Et

467 3844 578 3916 ﬁlii
604 3820 794 3900 eorum
824 3856 990 3913 usque
1031 3839 1092 3894 in
1122 3836 1393 3894 saeculum
1435 3829 1701 3887 sedebant
1728 3839 1894 3896 super
1929 3820 2110 3878 sedem

465 3912 619 3990 tuam
673 3932 738 3988 ³⁸.
801 3912 944 3986 Item
979 3944 994 3986 :
1027 3927 1087 3982 Si
1117 3922 1554 3994 derelinquerint
1613 3915 1726 3987 ﬁlii
1773 3914 1888 3986 ejus
1940 3912 2110 3982 legem

466 4040 668 4090 meam,
695 4025 747 4076 et
804 4019 864 4074 in
919 4015 1143 4090 iudiciis
1207 4014 1340 4069 meis
1396 4026 1506 4066 non
1568 3999 2110 4069 ambulaverint;si

457 4112 896 4185 justiﬁcationes
925 4123 1077 4162 meas
1106 4102 1542 4178 profanaverint,
1593 4105 1643 4152 et
1690 4093 1960 4150 mandata
1994 4104 2108 4146 mea

469 4217 580 4257 non
604 4197 986 4263 custodierint,
1004 4195 1235 4250 visitabo
1261 4192 1322 4247 in
1352 4191 1516 4257 virga
1547 4183 1870 4256 iniquitates
1900 4195 2106 4235 eorum.

471 4298 522 4346 et
570 4292 632 4345 in
691 4285 1009 4345 verberibus
1071 4283 1374 4355 injustitias
1425 4291 1634 4334 eorum.
1684 4268 2112 4328 Misericordiam

467 4387 652 4434 autem
699 4391 876 4432 meam
933 4389 1043 4429 non
1075 4372 1389 4442 dispergam
1419 4366 1496 4422 ab
1535 4365 1671 4429 illis,
1701 4375 1876 4432 neque
1908 4359 2114 4426 iniuste

471 4486 635 4540 agam.
669 4469 724 4522 in
757 4468 990 4522 veritate
1041 4478 1182 4531 mea;
1217 4476 1390 4532 neque
1439 4453 1757 4528 profanabo
1809 4455 2105 4506 testamen-

474 4563 594 4614 tum
617 4572 819 4620 meum,
857 4558 908 4609 et
945 4568 1070 4624 qum
1124 4552 1429 4622 procedunt
1491 4545 1556 4601 de
1607 4541 1777 4598 labiis
1805 4541 1942 4594 meis
1999 4551 2112 4591 non

469 4649 676 4718 faciam
733 4645 896 4698 irrita
952 4642 1016 4698 ⁸⁸.
1065 4641 1212 4695 Nam
1275 4653 1375 4710 per
1404 4636 1866 4698 Testamentum,
1895 4626 2110 4698 justiti-

471 4735 733 4791 sationes
763 4738 821 4790 et
870 4730 1226 4793 testimonia,
1262 4729 1594 4782 universam
1657 4723 1838 4792 legem
1894 4715 2111 4772 intelli-

470 4829 578 4898 git,
609 4839 784 4896 quam
807 4820 1042 4891 quidem
1074 4818 1184 4874 sibi
1219 4817 1395 4881 Deus,
1420 4817 1480 4868 ut
1517 4811 1811 4884 propriam
1843 4804 2115 4863 traditio-

473 4930 609 4971 nem
642 4911 922 4968 vindicat.

794 5033 1086 5110 Appendix
1138 5029 1398 5088 Theodori
1453 5026 1793 5083 Scutariotz.

548 5147 760 5204 Melius
811 5144 1002 5200 fuerat
1044 5139 1138 5196 his
1179 5139 1286 5196 niti
1346 5132 1674 5192 rationibus
1709 5147 1722 5185 :
1755 5130 1816 5186 Si
1841 5130 2018 5184 Mosen
2067 5130 2123 5182 et

474 5240 760 5312 praphetas
787 5251 896 5292 non
953 5232 1212 5298 audiunt,
1238 5243 1414 5300 neque
1441 5227 1492 5282 si
1542 5221 1665 5296 quis
1693 5239 1727 5277 α
1779 5218 2012 5276 mortuis
2033 5233 2120 5272 re-

474 5329 745 5396 surrexit,
789 5325 1016 5382 trectent
1066 5321 1134 5378 ³⁸.
1172 5323 1314 5378 Item
1349 5334 1364 5372 :
1398 5317 1606 5373 Habent
1654 5313 1855 5368 Mosem
1905 5318 1956 5366 et
1992 5323 2124 5381 pro-

585 5477 632 5514 ³³
664 5477 831 5534 Deut.
865 5491 1042 5541 xxvn,
1101 5474 1192 5529 29.
1271 5469 1319 5506 ⁸⁴
1375 5465 1527 5524 Psal.
1579 5480 1769 5534 cum,
1826 5462 1914 5520 12.
1987 5460 2035 5495 ⁸⁵
2080 5457 2106 5514 Ε

2218 5498 2232 5513 .
2264 5469 2529 5519 Lxxxvm,
2568 5450 2633 5506 31
2691 5463 2855 5520 seqq.

479 5546 526 5581 ³⁸
553 5549 756 5604 Matth.
787 5565 842 5616 v,
876 5547 962 5602 18.

558 5664 826 5733 (43)1ι·εη.
853 5662 956 5718 lib.
988 5678 1073 5728 ιιι,
1105 5677 1158 5718 c.
1189 5660 1258 5714 18
1284 5676 1300 5726 ;
1330 5657 1544 5714 Euseb.
1575 5671 1653 5721 1v,
1708 5669 1833 5725 cap.
1874 5651 1958 5707 10.

2209 575 2354 632 datis
2382 572 2452 641 ³⁸,
2483 577 2596 628 etc.
2637 571 2781 626 Item
2814 569 2875 624 in
2905 568 3030 638 legs
3063 583 3077 624 :
3103 567 3448 634 Maledictus,
3473 569 3574 638 qui
3602 582 3719 620 non
3745 582 3866 636 per-

2207 667 2393 720 manet
2423 665 2484 717 in
2511 658 2861 717 sermonibus
2893 657 3028 729 legis
3059 659 3246 726 huius,
3275 671 3376 713 nec
3427 672 3515 712 eos
3555 670 3728 727 apere
3756 670 3871 725 per-

2207 755 2340 824 ﬁcit,
2371 755 2576 808 cetera
2606 748 2699 804 bis
2730 747 3082 804 consimilia.

2281 843 2361 896 Ea
2389 843 2585 896 autem
2617 853 2748 908 quae
2780 836 2978 891 Davidi
3011 835 3165 890 dicta
3193 838 3354 900 sunt,
3383 834 3453 888 ad
3491 833 3728 888 Novum
3760 831 3871 885 Te-

2209 934 2562 987 stamentum
2617 926 2817 982 referri
2870 929 3164 998 possunt:
3202 925 3403 980 Docebo
3451 924 3637 988 enim,
3674 922 3871 992 inquit

2209 1019 2474 1085 Davides,
2506 1017 2655 1072 alter
2677 1033 2710 1070 a
2741 1015 2921 1082 Moss,
2951 1019 3010 1068 et
3053 1019 3184 1086 post
3218 1012 3489 1068 Davidem
3527 1010 3864 1080 cvangetica

2209 1107 2516 1181 legislatio.

2873 1194 3030 1250 CAP.
3082 1195 3178 1249 Vl.

2205 1298 2380 1354 Sexta
2411 1296 2658 1366 hwresis,
2711 1295 2906 1419 Marii,
2937 1292 3156 1416 qeujus
3201 1291 3402 1348 haeresi
3449 1287 3857 1359 resipisceutes,

2873 1381 2943 1419 an
2971 1369 3218 1418 zzantur.

2873 1379 3218 1434 aptzzantur.

2277 1465 2514 1537 Magicis
2581 1463 2676 1519 hic
2734 1463 2965 1518 artibus
3021 1461 3366 1526 instructus,
3422 1457 3864 1529 praestigiisque

2208 1555 2331 1610 suis
2365 1553 2610 1610 miriﬁca
2640 1553 2837 1608 nescio
2869 1567 2997 1622 quae
3021 1549 3262 1619 faciens,
3289 1549 3506 1602 multos
3532 1564 3606 1602 ex
3627 1545 3860 1616 simpli-

2206 1645 2465 1699 cioribus
2520 1640 2901 1697 circumvenit
2943 1638 3078 1710 (43),
3135 1635 3426 1708 imprimis
3471 1652 3608 1692 vero
3645 1640 3864 1690 matro-

2206 1749 2414 1788 narum
2447 1731 2704 1796 illarum,
2737 1746 2861 1799 quas
2919 1727 3191 1784 Inultitiis
3223 1731 3282 1780 et
3341 1725 3657 1796 purpureis
3690 1722 3860 1778 stolis

2207 1827 2425 1878 ornata:
2481 1819 2842 1885 incederent,
2875 1817 3107 1872 animus
3149 1821 3208 1871 et
3263 1830 3510 1884 corpora
3569 1811 3856 1881 corruitit.

2202 1911 2305 1967 Ille
2343 1909 2524 1977 enim,
2557 1913 2622 1962 ut
2660 1908 2911 1962 Irenaeus
2955 1912 3157 1960 auctor
3206 1909 3316 1971 est,
3349 1904 3532 1958 vifrea
3581 1903 3854 1973 quzedam

2202 1998 2318 2054 albi
2351 1997 2560 2053 coloris
2612 1994 2815 2066 pocula
2854 1993 3266 2066 prrsparabat;
3319 1990 3536 2046 deinde
3586 1990 3856 2044 carmine

2204 2089 2398 2144 nescio
2429 2103 2545 2158 quo
2580 2102 2743 2151 usus,
2768 2083 3071 2140 confestim
3105 2099 3307 2138 eorum
3342 2082 3502 2137 aliud
3541 2081 3604 2135 in
3631 2098 3858 2151 purpu-

2203 2193 2392 2241 reum,
2433 2175 2592 2229 aliud
2647 2172 2898 2244 denique
2957 2171 3012 2225 in
3076 2169 3390 2226 caeruleum
3449 2169 3856 2224 convertebat.

2203 2266 2362 2320 Idem
2391 2281 2520 2320 cum
2549 2262 2858 2318 Valentino
2879 2260 3060 2317 multa
3081 2259 3296 2316 szccula
3317 2259 3688 2329 contingebat
3724 2276 3862 2330 quae

2205 2355 2442 2425 quidem
2475 2356 2726 2424 quatuor
2775 2356 2832 2406 et
2889 2349 3092 2421 viginti
3119 2351 3452 2404 Graecorum
3497 2347 3711 2402 litteris
3769 2347 3856 2400 si-

2205 2442 2374 2499 milia
2403 2441 2647 2498 dicebat.
2680 2439 2921 2510 Altaque
2953 2444 3136 2503 muta,
3171 2437 3286 2492 alia
3307 2436 3716 2502 semivocalia,
3748 2435 3860 2490 alia

2205 2532 2458 2603 denique
2511 2528 2736 2585 vocalia
2795 2527 3188 2598 nuncupabat.
3241 2527 3388 2590 Quin
3446 2531 3504 2580 et.
3573 2525 3862 2598 prolixam

2207 2624 2515 2694 qaamdam
2594 2617 2850 2674 fabulam
2931 2616 3276 2681 instituens,
3334 2631 3488 2679 eam,
3563 2621 3627 2668 ut
3706 2616 3861 2670 idem

2207 2717 2459 2766 Irenaaus
2515 2707 2618 2774 ait,
2661 2707 2838 2777 Sigen
2897 2721 2998 2761 seu
3057 2703 3365 2760 Silentium
3429 2705 3706 2774 vocabat,
3759 2720 3864 2758 no-

2210 2800 2368 2856 mine
2398 2813 2538 2854 sane
2596 2797 2750 2867 quod
2798 2794 3005 2849 fabulis
3063 2799 3238 2864 atque
3305 2795 3436 2864 ejus
3506 2799 3864 2865 argumento

2211 2889 2546 2958 neutiquam
2577 2885 2945 2950 conveniret;
2971 2884 3212 2955 insuper
3241 2890 3300 2938 et
3321 2879 3459 2947 alia,
3494 2899 3632 2953 qua:
3657 2898 3866 2954 super-

2211 2980 2394 3034 ﬂuum
2427 2975 2679 3031 scribere
2735 2973 2896 3030 duxi.
2928 2973 3192 3029 Addebat
3221 2990 3255 3028 a
3287 2973 3514 3028 tetrade
3577 2989 3686 3028 seu
3721 2989 3863 3044 qua-

2211 3069 2496 3134 ternione,
2582 3062 2800 3120 secula
2885 3063 3260 3134 processisse.
3321 3064 3384 3118 In
3469 3063 3867 3132 quater-aiens

2217 3171 2386 3229 porro
2445 3152 2778 3220 Hominem,
2828 3151 3168 3217 Ecclesiam,
3227 3149 3503 3218 Verbum,
3559 3155 3622 3205 et
3685 3152 3869 3206 Vitam

2218 3243 2524 3302 contineri.
2559 3243 2818 3297 Virtutes
2863 3246 3161 3312 praeterea,
3193 3257 3322 3312 qua
3371 3241 3446 3294 ab
3504 3239 3582 3294 iis
3631 3256 3875 3295 emana-

2213 3337 2439 3403 verant,
2473 3331 2547 3388 ab
2575 3347 2643 3388 eo
2671 3330 2812 3386 Jesu
2839 3336 3149 3402 generatas
3181 3344 3331 3398 esse,
3363 3328 3468 3400 qui
3515 3327 3696 3385 visus
3729 3334 3874 3385 esset

2215 3425 2274 3480 in
2305 3428 2478 3479 terra.
2514 3421 2581 3476 Et
2608 3419 2783 3476 Verbi
2836 3419 3074 3490 quidem
3125 3419 3280 3476 vices
3311 3418 3592 3490 angelum
3629 3419 3873 3475 Gabrie-

2215 3511 2326 3568 lem
2363 3528 2376 3566 :
2410 3509 2576 3578 Vitas,
2609 3508 2888 3581 Spiritum
2915 3513 3182 3564 sanctum
3223 3507 3558 3576 :Hominis,
3595 3507 3870 3563 virtutem

2214 3601 2343 3656 Filii
2377 3619 2391 3656 :
2424 3597 2691 3654 Ecclesia
2722 3597 2975 3668 denique
3023 3596 3321 3669 Virginem
3354 3595 3748 3668 adimplesse.
3779 3601 3875 3652 At-

2215 3706 2331 3763 que
2353 3688 2436 3744 ita
2467 3703 2567 3760 per
2597 3686 2840 3741 Mariam
2872 3686 3136 3758 genitum
3168 3701 3296 3741 esse
3328 3701 3489 3751 eum,
3534 3687 3637 3756 qui
3675 3687 3874 3741 divina

2217 3776 2597 3850 dispositione
2627 3774 2802 3830 homo
2861 3776 3049 3830 factus
3101 3779 3208 3830 est.
3243 3773 3480 3840 Quoties
3519 3782 3724 3830 autem
3775 3791 3870 3830 eos

2217 3867 2532 3940 baptizant,
2592 3879 2742 3935 quos
2797 3863 3324 3931 circumvenerunt,
3374 3863 3470 3918 bis
3531 3863 3620 3918 uti
3681 3864 3874 3919 verbis

2217 3955 2406 4014 solent
2439 3969 2452 4009 :
2486 3953 2551 4008 In
2585 3951 2822 4007 nomine
2853 3950 3038 4022 ignoti
3089 3950 3274 4006 Patris
3323 3952 3620 4018 omnium,
3652 3957 3712 4007 et
3761 3952 3875 4007 Ve-

2217 4043 2406 4102 ritatis
2429 4041 2626 4097 Matris
2657 4041 2945 4105 omnium,
2978 4050 3032 4096 et
3061 4043 3190 4111 ejus
3222 4040 3324 4112 qui
3369 4041 3683 4097 descendit
3707 4041 3878 4110 Jesu,

2218 4139 2289 4194 ad
2339 4133 2837 4207 coniunctionem,
2871 4138 2928 4187 et
2977 4134 3462 4203 redemptionem,
3493 4140 3554 4189 et
3605 4151 3876 4190 commu-

2219 4227 2570 4283 nicationem
2628 4224 2930 4280 virtutum.
2991 4223 3232 4293 Quoque
3308 4225 3599 4293 majorem
3653 4224 3710 4278 ei
3781 4223 3882 4296 qui

2220 4319 2540 4391 baptizatur
2599 4321 2894 4386 stuporem
2951 4313 3247 4386 injiciant,
3280 4313 3402 4369 haec
3459 4315 3754 4372 Hebraica
3785 4333 3884 4372 no-

2219 4407 2380 4464 mina
2414 4404 2818 4476 superaddunt
2862 4404 2970 4477 (44)
3004 4419 3018 4458 :
3046 4401 3316 4458 Cbamosi
3345 4403 3695 4461 baeannora
3721 4422 3736 4461 :
3764 4423 3882 4478 my-

2219 4497 2432 4563 stadia,
2467 4493 2678 4560 rbuda,
2709 4495 2955 4548 custaba
2988 4511 3002 4548 :
3039 4493 3264 4564 pbogor
3297 4507 3310 4545 :
3346 4491 3591 4548 calathi.
3619 4495 3886 4560 Quorum

2141 4578 2188 4642 D
2219 4584 2619 4657 interpretatio
2651 4583 2774 4638 haec
2807 4589 2896 4639 est
2927 4600 2938 4638 :
2972 4583 3016 4638 Ο
3048 4582 3149 4654 qui
3181 4598 3244 4638 es
3277 4599 3458 4654 super
3485 4599 3738 4639 omnem
3773 4586 3886 4638 vir-

2225 4684 2406 4734 tutem
2457 4673 2675 4739 Patris,
2713 4679 2769 4729 te
2818 4673 3185 4738 invocamus,
3218 4673 3320 4744 qui
3372 4671 3628 4739 Lumen,
3665 4680 3728 4729 et
3757 4674 3891 4746 Spi-

2227 4771 2372 4825 ritus
2405 4770 2618 4830 bonus,
2663 4769 2721 4819 et
2748 4762 2878 4818 Vita
2903 4761 3228 4818 nominaris
3264 4779 3277 4817 :
3309 4763 3597 4833 quoniam
3651 4763 3718 4818 in
3767 4780 3891 4818 cor-

2229 4877 2368 4932 pore
2396 4855 2677 4930 regnasti.

2299 4948 2404 5013 Qui
2421 4952 2615 5002 autem
2635 4941 3070 4998 sucraturbunc
3085 4940 3143 4996 in
3165 4941 3406 4996 modum
3427 4941 3503 4996 ad
3519 4941 3637 4996 ista
3653 4958 3892 5014 respon-

2233 5040 2330 5095 det
2364 5054 2376 5092 :
2407 5035 2800 5092 Confirmatus
2824 5047 2980 5096 sum,
3007 5030 3346 5102 redemptus
3371 5046 3530 5098 sum,
3557 5030 3618 5086 in
3647 5033 3886 5087 nomine

2234 5127 2350 5194 lao,
2377 5125 2482 5196 qui
2514 5121 2772 5179 animam
2811 5135 2998 5174 meam
3031 5117 3102 5175 ab
3151 5117 3263 5174 hoc
3321 5119 3538 5176 saeculo
3591 5119 3887 5176 liberavit.

2232 5214 2452 5271 Deinde
2481 5213 2673 5284 ipsum
2705 5207 3093 5280 opobalsama
3117 5207 3434 5280 inungunt,
3467 5214 3527 5264 et
3558 5212 3890 5281 perfectum

2235 5303 2489 5360 evasisse
2534 5297 2945 5372 pronuntiant.

2955 5447 3002 5483 ⁸⁸
3047 5448 3180 5505 Luc.
3241 5465 3353 5519 xvr,
3401 5449 3494 5505 31.
3545 5450 3590 5485 ⁸⁷
3669 5449 3800 5508 Ibid
3829 5451 3894 5505 29

2308 5643 2421 5716 (44)
2457 5639 2598 5696 Hinc
2632 5635 2834 5692 Irenaei
2866 5635 3060 5693 locum
3093 5639 3498 5696 restituerunt.
