4066 6208
218 353 366 414 125⁸7

529 485 800 538 Ηθενεδθοε
830 480 1196 551 praecedentis
1225 480 1552 548 con/utalia.

285 574 564 632 miriﬁcus
620 571 853 626 Marcus
887 568 1185 641 prestigiis
1247 573 1304 623 et
1360 568 1865 622 incantationibus

210 661 594 737 praesentium
656 660 745 714 vel
806 658 1173 730 perspicaces
1257 657 1458 712 oculos
1518 657 1861 724 fascinabat,

208 755 614 822 efficiebatque
649 757 710 807 ut
740 768 808 806 ea
839 768 961 820 (ιυεε
1009 749 1503 821 conspicerentur,
1557 759 1753 803 conlra
1803 763 1865 802 se

210 844 427 899 habere
453 843 809 905 viderentur,
841 855 1020 909 quam
1044 855 1245 894 eorum
1282 843 1489 892 natura
1523 837 1714 891 ferret.
1750 835 1863 891 Nec

207 933 366 988 enim
400 929 693 1002 pellucida
725 944 999 983 vasorum
1028 928 1351 982 vitreorum
1387 943 1630 998 corpora
1671 927 1728 979 in
1762 942 1858 980 va~

207 1020 327 1074 rios
363 1026 583 1073 mutare
615 1017 838 1072 colores
873 1015 1198 1086 potuisset:
1233 1019 1297 1070 ut
1327 1031 1458 1085 quas
1506 1014 1860 1070 adeuntibus

201 1109 337 1164 alba
380 1108 769 1179 protenderet,
823 1105 1026 1160 eadem
1081 1121 1213 1159 mox
1273 1105 1329 1158 in
1393 1119 1706 1176 purpurea,
1770 1101 1859 1158 vel

200 1199 448 1252 caerulea
468 1194 981 1264 mutaret,hocque
1000 1197 1165 1262 pacto
1187 1193 1610 1263 simpliciorum
1637 1191 1856 1262 pleros-

203 1301 317 1355 que
345 1281 830 1340 circumveniret:
876 1281 932 1334 in
969 1280 1173 1350 primis
1219 1285 1413 1336 autem
1459 1278 1854 1346 mulierculas,

204 1392 335 1446 quae
359 1373 511 1428 circa
543 1371 736 1427 colum
788 1377 1078 1440 occupatas
1111 1369 1326 1424 fabulis
1373 1378 1426 1424 et
1479 1367 1855 1440 nugamentis

205 1465 490 1536 gaudent.
525 1462 636 1517 Nec
672 1461 870 1515 minus
903 1459 960 1513 in
1002 1476 1067 1514 eo
1126 1466 1402 1531 nugatur,
1439 1457 1592 1528 quod
1639 1457 1855 1512 saecula

203 1554 391 1609 tradit
423 1568 567 1620 esse,
602 1567 726 1621 quae
761 1565 1004 1604 numero
1038 1549 1246 1603 litteris
1279 1553 1527 1618 quatuor
1557 1551 1612 1601 et
1648 1546 1850 1617 viginti

200 1642 616 1712 respondeant.
678 1638 956 1703 Quamvis
1015 1637 1171 1692 enim
1223 1635 1436 1692 saecula
1503 1635 1848 1690 saeculorum

200 1729 536 1799 audiamus,
598 1745 729 1783 vera
776 1732 973 1782 tamen
1023 1725 1241 1798 opinio,
1294 1741 1421 1796 quae
1481 1740 1574 1779 res
1624 1724 1850 1778 divinas

200 1820 536 1876 immobiles
569 1835 696 1875 esse
723 1820 912 1888 docet,
947 1818 1186 1872 unicum
1220 1815 1334 1871 illis
1369 1815 1646 1871 saeculum
1679 1814 1847 1870 attri-
1877 1851 1926 1914 B

197 1912 352 1966 buit.

274 2000 350 2054 lis
371 2005 566 2054 autem
603 1999 798 2067 rebus,
824 2015 951 2068 quae
997 1997 1178 2052 motui
1214 2000 1271 2050 et
1319 1994 1673 2065 corruptioni
1714 1998 1850 2048 sunt

201 2089 490 2155 obnoxiae,
525 2094 758 2160 tempus
789 2088 1070 2158 assignat,
1105 2087 1258 2157 quod
1317 2083 1649 2140 transitorio
1709 2082 1848 2138 solis

202 2184 260 2236 et
292 2179 448 2233 lunae
481 2194 657 2232 cursu
692 2193 924 2246 semper
975 2179 1222 2244 motum,
1252 2189 1612 2238 mensuram,
1637 2176 1692 2227 et
1748 2172 1850 2225 flu-

205 2285 342 2324 xum
377 2266 906 2337 recipiat.Quarum
935 2265 1089 2319 enim
1123 2279 1319 2318 rerum
1343 2268 1553 2317 natura
1570 2265 1849 2333 perpetua

205 2374 320 2412 non
357 2361 469 2420 est,
501 2370 578 2410 eae
610 2355 893 2426 temporis
927 2352 1433 2408 vicissitudinibus
1495 2351 1844 2406 consistunt.

203 2450 465 2514 Quarum
513 2451 709 2500 autem
751 2445 1005 2500 essentia
1054 2441 1374 2498 immobilis
1427 2446 1536 2508 est,
1579 2445 1634 2496 et
1691 2446 1844 2495 statu

199 2532 466 2588 numeris
503 2532 779 2589 omnibus
819 2531 1085 2587 absoluto
1121 2530 1386 2601 praedita,
1418 2529 1490 2584 iis
1525 2545 1848 2584 accommo-

195 2623 341 2677 dum
377 2621 656 2678 szeculum
691 2621 837 2675 citra
869 2619 1299 2675 dimensionem
1342 2618 1625 2690 procedit,
1658 2634 1846 2689 neque

193 2711 336 2766 ullis
372 2712 629 2767 noctium
660 2714 717 2764 et
776 2709 1001 2764 dierum
1057 2707 1397 2773 intervallis,
1432 2723 1620 2778 neque
1670 2707 1844 2773 veris,

204 2802 450 2869 aestatis,
485 2799 775 2864 autumni,
799 2803 856 2854 et
878 2797 1087 2852 hiemis
1118 2796 1630 2853 vicissitudinibus
1663 2797 1846 2852 instar

206 2890 496 2962 temporis
521 2889 601 2944 ita
631 2889 1003 2956 discernitur,
1035 2891 1100 2942 ut
1151 2887 1287 2942 anni
1347 2887 1614 2958 partibus
1646 2886 1846 2942 ordine

206 2979 508 3052 productis
537 2977 894 3033 curriculum
923 2976 1170 3031 solstitio
1221 2974 1503 3044 absolvat,
1537 2975 1843 3044 denuoque

196 3069 464 3138 incipiat,
501 3068 597 3122 sed
629 3081 864 3136 semper
895 3065 1032 3133 Ens,
1055 3063 1424 3133 essentiaque
1451 3063 1729 3133 prmteriti
1786 3065 1844 3116 et

195 3157 382 3212 futuri
417 3159 649 3226 experte
679 3153 1005 3224 praeditum.
1040 3153 1185 3208 Nam
1223 3151 1500 3223 temporis
1535 3169 1668 3223 pars
1726 3168 1843 3206 una

197 3244 492 3317 praeteriit,
541 3243 654 3298 alia
711 3245 905 3298 futura
954 3246 1063 3307 est,
1123 3257 1381 3313 praesens
1434 3240 1548 3295 alia
1600 3239 1836 3295 dicitur.

194 3335 488 3392 Saeculum
516 3339 732 3402 autem,
768 3333 962 3404 ipsum
995 3332 1308 3403 partitione
1356 3334 1533 3398 caret,
1564 3329 1842 3400 nulloque

192 3429 462 3495 tempore
516 3440 580 3478 ac
643 3423 765 3477 loco
837 3420 1356 3489 circumscribitur,
1406 3419 1838 3490 sempiternita-

194 3521 377 3585 teque
409 3513 548 3568 adeo
577 3529 710 3566 cum
745 3511 838 3575 iis,
870 3527 998 3581 quae
1031 3510 1387 3580 sempiterna
1413 3516 1568 3576 sunt,
1601 3509 1838 3580 gaudet.

188 3605 451 3658 Vaesana:
476 3619 644 3673 porro
679 3601 890 3656 mentis
924 3601 1286 3669 figmentum,
1319 3599 1609 3668 Marcique
1641 3598 1712 3652 de
1735 3615 1842 3653 sm-

187 3693 345 3750 culis
385 3699 773 3747 commentum
826 3688 1186 3757 semivocale,
1240 3689 1454 3755 vocale,
1501 3692 1557 3742 et
1611 3692 1839 3742 mutum

186 3789 304 3840 est.
339 3783 483 3838 Nam
516 3787 767 3852 quatuor
808 3785 864 3835 et
893 3779 1097 3850 viginti
1148 3777 1359 3832 litteris
1411 3777 1556 3833 alias
1617 3776 1842 3833 vocales

187 3870 451 3943 appellat
481 3869 921 3941 grammaticus,
969 3867 1302 3935 cujusmodi
1362 3869 1500 3922 sunt
1529 3885 1581 3932 α,
1630 3885 1674 3934 e,
1707 3885 1763 3933 η,
1803 3884 1840 3931 ι,

190 3983 244 4030 ο,
281 3983 334 4025 υ,
359 3967 414 4016 et
446 3978 519 4013 ωε
574 3959 710 4030 quia
761 3959 1039 4013 nimirum
1074 3975 1174 4029 per
1206 3974 1265 4013 se
1297 3957 1476 4028 ipsas,
1509 3955 1678 4026 vique
1733 3972 1840 4010 sua

185 4067 396 4106 vocem
431 4048 760 4121 perﬁciunt,
784 4047 1014 4102 etiamsi
1049 4047 1177 4102 aliis
1238 4062 1352 4100 non
1405 4044 1840 4113 cenjungantur

187 4139 408 4196 litteris
435 4156 446 4192 :
471 4138 618 4193 altas
642 4135 1014 4193 semivocales
1043 4152 1055 4189 :
1090 4134 1234 4189 alias
1268 4133 1407 4189 item
1454 4140 1688 4186 mutuas
1740 4147 1837 4185 vo-

185 4233 316 4294 cat,
345 4232 409 4282 ut
441 4226 494 4300 β,
528 4246 578 4298 γ,
604 4221 655 4294 δ,
688 4229 744 4280 et
765 4241 891 4295 quas
923 4226 1380 4294 consequuntur,
1415 4225 1478 4275 ut
1509 4235 1634 4290 quas
1692 4218 1836 4272 nihil

184 4332 398 4372 eorum
445 4313 798 4386 exprimant,
861 4329 985 4383 quae
1046 4313 1115 4366 ad
1177 4309 1535 4380 colloquium
1598 4305 1835 4374 faciunt,

182 4407 418 4476 absque
440 4405 688 4459 aliorum
749 4403 1167 4458 elementorum
1210 4397 1638 4469 conjunctione,
1673 4396 1839 4450 nimi-

179 4512 326 4552 rum
357 4514 407 4561 α,
442 4514 488 4559 ε,
520 4497 928 4548 etcaaterorum
962 4487 1325 4559 hujusmodi.
1374 4490 1444 4541 At
1487 4484 1836 4542 saeculorum

1552 348 1945 409 TIIESAURI
1993 351 2139 409 LlB.
2189 353 2292 410 IV.

3467 363 3623 421 1258

1893 481 1946 546 Α
1977 481 2216 551 quidem
2249 484 2693 554 quaternitatem
2730 483 3153 556 Pythagoreum
3197 487 3409 558 dogma
3439 491 3621 548 fuisse

1973 570 2212 626 scimus.
2238 571 2563 626 Potestates
2593 589 2747 639 vero,
2781 573 2831 626 si
2881 574 3171 642 angelicas
3202 579 3615 648 concedamus,

1969 675 2000 712 a
2022 659 2159 713 Jesu
2189 659 2520 730 productas,
2556 665 2614 716 at
2655 679 2768 716 non
2820 662 3210 732 generationis
3243 666 3370 735 ejus
3402 684 3611 725 causas

1971 747 2263 802 exstitisse
2286 747 2566 804 dicemus.
2601 748 2718 804 Hoc
2740 767 2908 819 porro
2941 750 3050 805 illae
3083 769 3314 823 quoque
3347 772 3586 827 comper

1968 841 2093 890 tum
2122 835 2403 892 habentes
2435 837 2939 894 vociferabantur:
3003 841 3144 908 Quid
3200 843 3354 898 nobis
3409 852 3464 899 et
3490 849 3616 914 tibi,

1964 926 2089 980 Iesu
2119 928 2230 981 Fili
2261 929 2355 981 Dei
2373 931 2400 981 1’
2433 929 2630 983 venisti
2653 930 2898 984 hucnnte
2915 933 3124 1002 tempus
3149 941 3394 1003 torquere
3415 952 3513 990 nos
3545 939 3612 990 3‘.

1967 1014 2082 1069 Illas
2111 1017 2291 1081 enim,
2321 1018 2461 1072 dum
2513 1019 2798 1087 superbiae
2853 1025 3086 1090 peccato
3136 1023 3474 1091 efferuntur,
3537 1028 3609 1081 ad

1963 1105 2019 1159 id
2089 1107 2242 1176 quod
2304 1106 2557 1162 deterius
2587 1112 2678 1162 est
2733 1125 2860 1164 sese
2915 1115 3350 1178 converterunt,
3402 1115 3613 1183 pristi—

1957 1211 2148 1265 naque
2198 1194 2296 1249 illa
2325 1196 2610 1266 dignitate
2660 1198 3012 1266 excidentes,
3055 1199 3344 1270 supplicio
3377 1205 3600 1257 manci-

1961 1289 2106 1354 pata:
2138 1285 2410 1354 subjectae
2451 1291 2609 1351 sunt,
2643 1288 2793 1357 quod
2821 1285 3052 1358 βάσανον
3086 1289 3192 1343 hoc
3218 1295 3308 1344 est
3341 1294 3603 1347 tormen-

1959 1374 2463 1444 tum,appellatur.
2482 1379 2620 1431 Nam
2642 1393 2770 1448 quis
2795 1377 3602 1452 fuitejus,quaeso,superbia,

1959 1463 2060 1533 qui
2116 1463 2268 1519 inter
2297 1464 2428 1520 illas
2460 1465 2776 1536 primatum
2823 1467 3042 1522 habet?
3097 1469 3272 1539 Super
3328 1479 3477 1525 astra
3508 1470 3605 1526 Dei

1956 1553 2210 1608 excitabo
2256 1554 2432 1609 sedem
2489 1572 2691 1624 meam,
2725 1566 2778 1611 ει
2828 1573 2918 1612 ero
2950 1559 3155 1612 similis
3209 1559 3512 1626 Altissimo,
3548 1564 3600 1616 et

1955 1643 2407 1711 comprehendam
2446 1644 2630 1698 orbem
2689 1652 2859 1701 terra
2911 1648 3067 1716 quasi
3122 1647 3339 1711 nidum,
3370 1656 3420 1702 et
3473 1654 3597 1703 tan-

1955 1745 2121 1800 quam
2177 1746 2280 1785 ova
2330 1730 2593 1786 derelicta
2641 1732 2832 1786 tollam
2887 1731 2952 1798 ‘0,
3006 1734 3132 1786 Haec
3191 1733 3421 1803 quidem
3481 1735 3599 1802 ille,

1957 1817 2225 1874 Christus
2256 1822 2451 1875 autem
2502 1819 2692 1890 quid?
2732 1823 2863 1876 Ecce
2917 1820 3042 1876 dedi
3088 1823 3240 1876 vobis
3281 1827 3602 1892 potestatem

1958 1908 2212 1963 calcandi
2258 1925 2431 1979 supra
2478 1912 2770 1980 serpentes,
2825 1913 2873 1964 et
2949 1911 3258 1981 scorpiones
3314 1919 3366 1968 et
3440 1929 3605 1983 super

1959 2014 2172 2053 omnem
2201 1998 2461 2053 virtutem
2476 1998 2698 2053 inimici
2727 1999 2792 2054 ‘1.
2828 2000 3041 2054 Contra
3057 2016 3229 2070 porro
3253 2000 3600 2057 Christiana

1958 2085 2232 2141 doctrinae
2265 2092 2425 2155 sunt,
2452 2094 2870 2158 proptereaque
2911 2104 3040 2142 cum
3084 2088 3212 2143 aliis
3247 2089 3424 2143 Marci
3459 2091 3604 2161 dog-

1960 2175 2133 2229 matis
2177 2175 2510 2245 rejicienda,
2534 2192 2898 2248 quaecunque
2921 2177 3096 2232 etiam
3121 2178 3451 2232 sacerdotes
3473 2179 3603 2246 ejus

1958 2263 2324 2320 incantantes
2353 2264 2426 2320 iis
2453 2265 2849 2330 insusurrant,
2882 2282 3027 2335 quos
3085 2266 3460 2336 baptismatis
3516 2265 3605 2322 la-

1957 2369 2125 2407 vacro
2155 2353 2450 2424 proluunt.
2483 2355 2748 2410 Christus
2781 2355 2935 2409 enim
2997 2356 3053 2409 in
3102 2355 3336 2410 nomine
3395 2357 3602 2423 Patris,

1959 2445 2018 2496 et
2067 2441 2194 2496 Filii
2245 2448 2302 2497 et
2355 2443 2606 2514 Spiritus
2661 2443 2867 2510 sancti,
2900 2444 3260 2514 baptismum
3301 2445 3600 2500 conferen-

1960 2531 2098 2585 dum
2134 2548 2257 2586 esse
2291 2531 2585 2601 apostolos
2614 2532 2842 2588 docuit:
2870 2532 2927 2587 hi
2957 2538 3151 2588 autem
3184 2535 3364 2604 patris
3398 2535 3602 2607 ignotii

1959 2636 2174 2675 nomen
2238 2621 2527 2677 invocant.
2577 2621 2741 2676 Certe
2799 2622 2928 2691 quis
2981 2621 3076 2677 ille
3134 2623 3210 2677 sit
3264 2625 3479 2690 nescio,
3539 2631 3603 2680 ut

1958 2713 2149 2764 tamen
2172 2726 2238 2765 ex
2270 2710 2651 2780 sequentibus
2683 2710 2912 2764 ariolari
2945 2711 3136 2777 datur,
3171 2711 3220 2766 is
3252 2717 3339 2767 est
3365 2730 3398 2768 a
3430 2714 3599 2770 nobis

1958 2803 2056 2870 qui
2088 2800 2302 2856 Christi
2335 2817 2544 2857 nomen
2578 2801 2939 2872 proﬁtemur,
2973 2801 3216 2857 alienus.

2620 2926 2776 2981 CAP.
2810 2925 2930 2980 VII.

1953 3031 2202 3103 Septima
2286 3031 2535 3099 haresis,
2603 3031 3056 3156 Astco'drugorum,
3118 3033 3203 3088 vel
3279 3035 3600 3106 Ascodrupi-

2685 3119 2866 3156 arum.

2685 3119 2866 3158 arum.

1871 3212 1914 3278 ρ
2022 3210 2091 3264 Hi
2126 3227 2312 3281 neque
2335 3209 2531 3265 divina
2563 3210 2860 3282 mysteria,
2893 3211 3010 3266 sive
3051 3217 3430 3279 sacramenta,
3465 3231 3592 3285 quae

1951 3303 2091 3354 sunt
2121 3316 2321 3356 eorum
2339 3316 2464 3369 quae
2497 3315 2612 3353 non
2641 3299 2914 3354 videntur
2945 3301 3226 3371 symbola,
3275 3301 3448 3357 rebus
3479 3302 3592 3359 sub

1952 3394 2251 3460 aspectum
2275 3388 2659 3444 cadentibus:
2695 3404 2883 3460 neque
2941 3389 3282 3460 incorporea
3338 3393 3590 3447 sensibi-

1948 3477 2103 3533 libus
2135 3483 2190 3532 et
2220 3477 2513 3546 corporeis
2559 3477 2860 3532 referenda
2917 3482 3020 3532 aut
3076 3483 3593 3538 commemoranda

1950 3583 2076 3622 esse
2109 3565 2878 3622 contendebant.Perfectam
2903 3571 3099 3622 autem
3130 3569 3589 3640 redemptionem

1950 3653 2009 3707 in
2040 3670 2106 3708 eo
2138 3652 2458 3707 consistere
2481 3652 2771 3721 dicebant,
2805 3652 2853 3706 si
2877 3653 3008 3723 quis
3041 3669 3238 3708 veram
3271 3656 3399 3724 ejus
3431 3657 3585 3725 quod

1947 3749 2038 3799 est
2064 3743 2331 3798 notitiam
2365 3741 2594 3796 habeat.
2639 3741 2780 3796 Nam
2813 3758 2938 3811 qua:
2985 3741 3250 3796 videnlur
3300 3743 3587 3814 universa,

1948 3831 2302 3903 ignorationi
2326 3834 2384 3885 et
2407 3828 2668 3900 passioni
2701 3829 2969 3895 obnoxia,
2999 3845 3098 3900 per
3156 3831 3587 3900 generationem

1948 3920 2368 3976 dissolvuntur.
2388 3918 2573 3988 Igitur
2604 3918 2854 3987 expiatio
2886 3917 3212 3988 spiritualis
3243 3935 3370 3974 esse
3400 3921 3591 3977 debet.

1949 4010 2197 4064 Proinde
2229 4021 2415 4075 neque
2456 4005 2754 4076 baptizant
2784 4006 2854 4059 ad
2889 4021 2952 4060 se
3009 4007 3370 4078 accedentes,
3403 4025 3593 4080 neque

1948 4098 2102 4153 ullus
2127 4097 2363 4150 omnino
2383 4095 2531 4163 apud
2567 4093 2696 4148 illos
2727 4093 3093 4164 baptismatis
3126 4096 3400 4166 mysterio
3426 4099 3590 4154 locus

1945 4193 2051 4242 est.
2086 4181 2561 4253 Redemptionem
2605 4181 2758 4237 enim
2791 4197 2992 4236 eorum
3039 4200 3164 4255 qua:
3199 4189 3339 4240 sunt
3396 4188 3590 4259 cogni-

1944 4279 2162 4332 tionem
2194 4278 2422 4330 vocant.

2267 4383 2542 4438 Hareseos
2569 4381 2928 4452 praecedentis
2955 4384 3279 4454 con/utatio.

2018 4489 2341 4560 Ascodrugi
2395 4505 2628 4560 quoque
2659 4505 2807 4545 vana
2844 4494 2903 4544 et
2950 4490 3098 4546 falsa
3132 4491 3332 4556 locuti,
3366 4491 3595 4548 miseri-

181 4583 476 4656 (sitamen
499 4597 848 4653 aquoquam
873 4578 1086 4635 saecula
1105 4575 1841 4649 pluraadmitlantur)qua,
1872 4569 1918 4634 D
1953 4582 2159 4639 cordize
2191 4580 2372 4646 illius,
2405 4596 2537 4651 quae
2592 4580 2900 4636 hominum
2954 4582 3197 4638 assidua
3247 4599 3440 4639 comes
3481 4588 3588 4655 est,

177 4690 409 4744 quaeso,
445 4673 687 4731 ratione,
721 4687 953 4741 quaque
984 4668 1234 4723 naturali
1267 4666 1596 4722 diti‘erentia
1638 4681 1836 4720 vocem

181 4764 350 4828 aliis,
386 4763 515 4819 aliis
546 4763 912 4827 semivocem,
947 4777 1173 4816 merum
1214 4759 1465 4829 denique
1491 4757 1646 4812 vocis
1675 4757 1835 4812 defeo

180 4859 354 4910 ctum
385 4852 514 4908 aliis
561 4856 789 4907 Marcus
820 4849 1074 4906 tribuit?
1105 4848 1377 4904 Absurde
1429 4863 1671 4918 prorsus
1717 4846 1836 4902 haec

177 4947 284 5000 est
334 4940 611 5008 distictio,
647 4946 710 4996 ut
753 4944 809 4996 et
858 4939 958 4995 illa
1007 4939 1394 5010 quaternitas,
1445 4953 1570 5007 qua;
1623 4935 1836 4991 seacula

177 5033 438 5106 peperit,
465 5031 790 5100 absurdior,
823 5030 914 5086 cui
950 5029 1184 5101 quidem
1218 5027 1496 5094 hominis,
1546 5025 1835 5096 Ecclesiae,

175 5123 469 5189 Verbi,et
510 5121 646 5177 Vitae
704 5136 915 5176 nomen
956 5119 1256 5191 imponere
1320 5117 1548 5173 Marcus
1599 5114 1836 5172 assolet.

175 5211 699 5279 Quemadmodum
728 5226 899 5265 merae
919 5224 1148 5280 quoque
1178 5223 1346 5279 nugae
1361 5209 1499 5262 sunt
1520 5206 1839 5261 Potestates

174 5306 324 5371 illas,
359 5320 507 5375 quas
529 5303 683 5359 idem
715 5301 881 5369 Jesu,
902 5299 1002 5372 qui
1032 5300 1194 5356 visus
1246 5302 1334 5354 est
1366 5297 1425 5352 in
1460 5301 1640 5362 terra,
1664 5312 1836 5367 gene-

171 5396 357 5454 randi
390 5399 651 5451 auctores
685 5393 1021 5465 tradit,quae
1048 5389 1326 5446 nimirum
1361 5405 1393 5443 a
1425 5387 1835 5459 quaternitate,

172 5503 304 5544 non
339 5502 508 5542 secus
541 5489 716 5557 atque
748 5503 782 5540 a
811 5487 1030 5540 cratere
1063 5482 1336 5554 quodam,
1390 5478 1705 5550 profluent.
1748 5478 1836 5535 Si-

256 5637 308 5675 39
339 5639 546 5696 Matth.
585 5655 705 5708 vm,
737 5639 826 5694 29.
901 5635 947 5671 ‘0
977 5637 1090 5693 Isa.
1121 5651 1238 5702 xxv,
1276 5633 1359 5688 13.
1438 5631 1482 5670 ⁴¹
1522 5637 1654 5688 Luc.
1688 5650 1745 5704 x,
1779 5633 1865 5690 19.

512 5761 775 5823 PATROL.
825 5759 934 5818 Gn.
971 5755 1283 5817 CXXXIX.

1949 4671 2236 4728 mcenibus
2273 4685 2401 4725 sese
2451 4686 2688 4740 prorsus
2729 4670 3118 4727 excluserunt.
3163 4672 3377 4728 Rerum
3431 4674 3589 4729 enim

1947 4762 2275 4817 divinarum
2317 4767 2373 4815 et
2403 4777 2528 4830 quas
2553 4760 2658 4814 sub
2691 4765 2987 4832 aspectum
3023 4779 3136 4818 non
3182 4763 3400 4818 cadunt
3456 4763 3589 4835 ple-

1947 4869 2136 4926 mque
2195 4851 2297 4908 Dei
2340 4852 2536 4922 jussu,
2588 4867 2930 4922 corporeum
2989 4856 3046 4908 et
3095 4852 3278 4908 oculis
3323 4853 3589 4910 omnium

1947 4944 2273 5015 expositum
2311 4945 2534 4997 statum
2565 4940 2783 4996 sortitae
2815 4945 2972 4996 sunt.
2995 4940 3095 4996 Ille
3125 4942 3590 5010 enim,Vide,ad,

1948 5037 2012 5088 ut
2044 5032 2222 5088 facias
2245 5030 2442 5087 omnia
2489 5030 2814 5085 secundum
2867 5030 3116 5087 formam
3149 5030 3253 5086 tibi
3300 5046 3590 5101 praemon-

1947 5126 2190 5180 stratam
2223 5123 2281 5177 in
2307 5125 2521 5177 monte.
2546 5119 2654 5174 Ubi
2705 5121 2775 5174 de
2809 5120 3184 5176 tabernaculo
3221 5121 3398 5176 verba
3427 5120 3589 5190 facit,

1947 5217 2004 5267 et
2032 5211 2279 5278 caateris,
2315 5227 2440 5282 quae
2470 5209 2528 5263 in
2563 5224 2628 5264 eo
2655 5226 2687 5264 a
2719 5207 3002 5265 Beseleele
3031 5210 3316 5281 disposita
3360 5213 3520 5266 sunt.

2019 5299 2364 5355 Conttnebat
2412 5300 2607 5352 autem
2649 5296 3094 5352 tabernaculum
3149 5302 3316 5370 septa
3367 5299 3592 5367 decem,

1952 5405 2204 5462 quorum
2239 5387 2706 5458 unumquodque
2738 5386 2796 5441 in
2830 5387 3256 5458 longitudinem
3291 5387 3364 5444 ad
3391 5386 3595 5461 viginti

1951 5483 2082 5537 octo
2115 5477 2365 5545 cubitos,
2400 5475 2456 5530 in
2488 5475 2860 5532 latitudinem
2895 5493 3027 5532 vero
3059 5478 3128 5533 ad
3171 5481 3419 5550 quatuor
3467 5493 3599 5548 pro-

3291 5750 3370 5809 40
