4090 6192
492 314 646 376 1259

1810 303 2113 364 ΝΙΟΕΤιΕ
2153 303 2355 366 CHON
2367 304 2578 366 IATIE

3751 305 3919 366 1260

494 449 863 517 tendebutur,
920 445 1257 499 universum
1310 442 1479 508 bysso
1541 440 1774 504 intorta.
1810 437 2142 510 hyacintho,
2177 444 2226 510 Α
2258 438 2410 492 alius
2441 455 2470 492 e
2493 435 2732 508 populo,
2757 453 2929 509 capra
2963 437 3150 494 facere
3184 436 3524 508 jubebatur.
3561 437 3618 491 Si
3683 455 3906 510 pauper

502 555 784 611 purpura,
807 541 864 591 et
894 533 1126 589 coccino
1159 531 1377 586 intorta
1406 532 1740 584 contextum
1783 533 1928 584 erat.

575 625 913 682 Fulciebant
971 628 1158 677 autem
1222 620 1663 675 tabernaculum
1738 617 2022 674 columna:
2081 633 2148 671 ex

506 720 682 792 lignis
707 716 1082 787 incorruptis,
1106 714 1308 785 viginti
1339 728 1582 768 numero
1614 712 1866 767 exterius
1896 725 2038 765 auro
2068 709 2148 763 in-

509 811 802 866 crustatae.
837 810 1013 860 Porro
1047 801 1406 860 tabernaculi
1428 801 1621 857 velum
1649 799 1985 869 hyacintho,
2009 815 2149 869 pur-

511 915 658 971 pura
686 896 1004 962 coccino,et
1021 896 1192 966 bysso
1207 895 1605 948 constructum
1629 891 1924 946 erat.Arca
1955 891 2148 944 autem

510 990 664 1045 intra
692 986 883 1043 velum
916 987 1030 1042 sita
1058 991 1200 1051 erat,
1233 988 1290 1038 et
1321 983 1377 1038 in
1430 979 1714 1054 superiori
1771 984 1904 1051 post
1962 978 2149 1034 velum

516 1083 698 1149 parte,
730 1077 1202 1148 Propitiatorium
1229 1073 1722 1144 conspiciebatur,
1741 1071 1834 1126 cui
1867 1070 1980 1124 duo
2004 1069 2150 1123 Che-

515 1169 704 1225 rubim
731 1185 872 1224 auro
895 1171 1124 1222 tornata
1180 1169 1383 1220 mutuo
1433 1181 1494 1219 se
1543 1180 1612 1218 ex
1669 1163 1908 1217 adverso
1968 1159 2148 1230 respi-

509 1258 721 1314 cientia
750 1255 1102 1311 insidebant.
1133 1252 1340 1308 Velum
1366 1268 1532 1322 porro
1565 1252 1776 1306 Sancto
1809 1253 2148 1304 sanctorum

515 1365 618 1419 per
647 1347 903 1403 medium
934 1343 1311 1415 partiebatur,
1346 1345 1519 1415 atque
1575 1356 1768 1396 arcam
1828 1335 2150 1394 testimonii

510 1441 590 1492 ita
615 1436 932 1508 operiebat,
967 1438 1028 1488 ut
1058 1449 1172 1488 non
1205 1435 1528 1504 appareret.

582 1527 784 1582 Mensa
813 1541 948 1581 vero
980 1528 1140 1578 extra
1166 1521 1356 1578 velum
1417 1522 1632 1582 stabat,
1659 1535 1864 1574 versus
1917 1520 2153 1587 septen-

514 1618 784 1684 trionem,
808 1614 976 1682 cuius
1008 1629 1038 1666 e
1082 1611 1312 1680 regione
1359 1608 1773 1664 candelabrum
1808 1622 2007 1661 versus
2038 1619 2153 1658 me—

509 1707 716 1762 ridiem
749 1705 999 1775 jacebat.

583 1801 864 1851 Craterum
898 1792 1273 1847 sacerdotalis
1306 1791 1464 1845 stola:
1522 1789 1827 1860 peetorale,
1860 1787 2148 1859 superhu-

521 1885 755 1954 merale,
789 1884 985 1938 talaris
1024 1883 1222 1936 tunica
1246 1875 1584 1938 κοσπύϐοτος
1613 1895 1682 1934 ex
1733 1881 1904 1950 bysso
1936 1878 2153 1932 intorta

519 1976 887 2031 constabant.
939 1975 1122 2042 Atque
1182 1968 1756 2040 superbumeralium
1808 1972 2033 2022 textura
2086 1982 2154 2020 ex

523 2081 685 2128 auro,
738 2062 1071 2132 hyacintho,
1123 2065 1182 2115 et
1221 2076 1497 2130 purpura,
1526 2060 1755 2128 duoque
1784 2047 2007 2128 lapides
2039 2056 2147 2110 bu-

521 2153 699 2208 meris
748 2148 1268 2221 superhumeralis,
1337 2149 1550 2219 quibus
1609 2147 1841 2202 nomina
1899 2146 2152 2201 ﬁliorum

516 2241 745 2297 Israelis
802 2239 1097 2311 insculpta
1118 2243 1300 2293 erant.
1332 2236 2152 2306 Rationeautemjudiciorum

523 2328 993 2402 quadrangulum
1031 2327 1246 2398 duplex
1276 2332 1416 2392 erat,
1453 2327 1623 2396 primi
1681 2325 2066 2397 longitudine,
2099 2329 2156 2380 et

516 2419 730 2492 psalmi
764 2419 1094 2482 latitudine,
1127 2422 1380 2487 quatuor
1410 2416 1708 2471 ordinibus
1740 2414 2000 2486 lapidum
2036 2415 2154 2487 pel-

514 2510 841 2564 lucidorum
876 2510 1330 2580 variegatumdn
1356 2505 1828 2562 rationaliautem
1855 2510 2153 2560 decretum

515 2604 571 2655 et
601 2599 818 2655 veritas
857 2599 1062 2654 inerat.
1097 2597 1255 2652 Talis
1314 2597 1510 2652 tunica
1567 2601 1683 2651 tota
1716 2613 1784 2650 ex
1837 2595 2150 2668 hyacintho

517 2693 786 2745 contexta
842 2693 985 2756 erat,
1018 2687 1172 2744 circa
1204 2688 1374 2755 cujus
1433 2685 1725 2741 ﬁmbriam
1754 2686 1909 2741 mala
1943 2685 2156 2756 punica

519 2795 829 2850 purpurea,
895 2776 1284 2846 hyacinthina,
1338 2778 1395 2830 et
1451 2775 1738 2842 coccinea,
1811 2775 2156 2830 intermistis

523 2867 716 2923 aureis
775 2865 1207 2930 tintinnabulis,
1241 2865 1669 2935 dependebant.
1719 2866 1907 2918 Aurea
1959 2869 2151 2918 autem

521 2956 763 3022 lamina,
796 2973 921 3026 quae
955 2958 1076 3008 erat
1122 2952 1501 3008 sanctiﬁcatio
1535 2952 1799 3019 Domino,
1849 2954 2031 3008 mitra:
2084 2954 2154 3008 ad

521 3051 717 3116 aptata
767 3050 904 3100 erat.
968 3045 1140 3098 Porro
1193 3043 1371 3098 mitra
1426 3058 1637 3097 corona
1697 3043 1963 3112 quadam
2015 3051 2153 3108 erat,

519 3153 646 3206 quae
672 3133 991 3189 sacerdotis
1016 3134 1259 3186 frontem
1296 3131 1700 3203 praecingebat.
1747 3131 1968 3185 Cidaris
2009 3149 2154 3204 quo-

2257 530 2401 585 forte
2425 528 2650 598 fuisset,
2686 545 2789 600 par
2819 532 3140 596 turturum,
3165 533 3265 584 aut
3290 529 3439 583 duos
3464 528 3662 599 pullos
3699 529 3922 583 colum-

2258 620 2461 676 barum
2499 636 2510 674 :
2539 619 2585 674 si
2620 619 3056 690 pauperrimus,
3088 619 3345 674 similam
3407 620 3536 675 sine
3584 621 3714 674 oleo
3747 625 3806 673 et
3837 620 3921 673 in-

2256 725 2430 765 censo
2471 709 2768 765 offerebat.
2814 709 3100 765 Castorum
3162 707 3450 778 sanguine
3508 711 3567 763 et
3621 707 3756 762 oleo
3817 724 3919 762 au-

2257 815 2399 867 rem,
2429 815 2665 856 manum
2697 800 2984 866 dextram,
3015 803 3070 855 et
3103 800 3306 871 pedem
3359 797 3691 854 sacerdotis
3742 796 3921 853 inunc

2257 889 2453 960 gebat.

2327 979 2459 1034 Jam
2517 979 2568 1034 si
2619 995 2686 1036 eo
2742 985 2876 1052 typo
2929 980 3030 1050 qui
3090 979 3276 1050 Moysi
3336 978 3916 1050 pramonstratusin

2258 1074 2456 1124 monte
2486 1069 2694 1138 fuerat,
2744 1068 3210 1134 tabernaculum,
3243 1073 3299 1124 et
3331 1085 3458 1139 quas
3505 1070 3565 1124 in
3618 1085 3688 1125 eo
3723 1069 3919 1124 conti-

2259 1159 2566 1226 nebantur,
2595 1157 2744 1214 facta
2775 1158 2912 1227 sint,
2947 1163 3117 1230 typus
3150 1166 3346 1214 autem
3399 1157 3740 1229 exemplum
3793 1163 3918 1212 erat

2257 1257 2310 1304 et
2342 1249 2532 1318 imago
2566 1247 2878 1319 prototypi,
2911 1262 3014 1303 seu
3051 1247 3401 1320 exemplaris
3435 1249 3637 1304 formas
3666 1265 3680 1303 :
3736 1263 3917 1317 quan-

2259 1343 2317 1393 to
2355 1337 2541 1408 magis
2574 1337 2910 1409 baptismus
2940 1339 3313 1410 peragendus
3362 1342 3472 1407 est,
3498 1337 3604 1410 qui
3637 1336 3915 1392 divinitus

2258 1427 2429 1484 nobis
2461 1427 2522 1484 iu
2553 1428 2966 1485 remissionem
3017 1433 3075 1484 et
3123 1428 3484 1484 ablutionem
3538 1432 3916 1500 peccatorum

2258 1520 2597 1591 propositus
2627 1522 2764 1576 est?
2794 1525 2853 1576 et
2883 1520 3081 1576 statim
3115 1538 3145 1575 a
3186 1522 3502 1592 baptismo,
3539 1521 3918 1575 incruentum

2258 1623 2496 1680 quoque
2547 1609 2920 1676 sacriﬁcium,
2955 1607 3205 1680 ejusque
3250 1607 3588 1680 perceptio?
3649 1607 3793 1679 quia
3845 1608 3924 1662 ni-

2261 1697 2475 1752 mirum
2511 1698 2800 1754 institutio
2833 1697 2955 1767 illa,
2988 1715 3167 1768 quam
3203 1713 3352 1769 pane
3384 1711 3442 1752 et.
3480 1697 3616 1752 vino
3651 1698 3725 1751 ad
3759 1695 3921 1752 salu-

2260 1790 2374 1841 tem
2408 1795 2461 1842 et
2493 1787 2964 1843 reformationem
3002 1788 3269 1842 humana:
3305 1787 3710 1858 corruptionis
3752 1787 3921 1842 nobis

2263 1877 2536 1932 Servatur
2585 1877 2911 1948 proposuit,
2972 1876 3125 1931 haud
3177 1894 3245 1931 ea
3299 1876 3426 1943 fuit,
3484 1894 3616 1947 quae
3677 1893 3925 1948 corpore

2261 1969 2500 2033 careret,
2533 1965 2774 2036 soloque
2823 1965 3121 2020 intellectu
3183 1966 3605 2037 perciperetur,
3655 1966 3760 2022 sed
3797 1981 3922 2036 qua

2261 2055 2368 2110 sub
2401 2071 2640 2111 sensum
2671 2071 2907 2126 quoque
2931 2055 3184 2110 caderet.

2333 2144 2478 2209 Quia
2509 2143 2763 2212 enim,ut
2781 2143 2966 2199 Jobus
2999 2143 3418 2212 autumat,1uto
3439 2145 3676 2201 formati
3697 2161 3929 2208 sumus,

2262 2233 2449 2289 lutum
2483 2237 2676 2288 autem
2711 2250 2781 2288 ex
2822 2238 2977 2289 terra
3029 2237 3086 2290 et
3143 2250 3295 2305 aqua
3351 2236 3748 2306 compositum
3811 2239 3923 2300 est,

2264 2323 2750 2394 formationisque
2790 2324 3289 2391 nomine,dicitur
3316 2323 3430 2378 alio
3461 2325 3718 2394 quodam
3749 2326 3928 2379 modo

2263 2412 2426 2467 cibus
2477 2412 2676 2480 etiam,
2721 2427 2834 2484 quo
2886 2413 3100 2468 virium
3158 2412 3666 2468 intertrimentum
3728 2413 3932 2468 debili-

2263 2501 2524 2572 tatioque
2575 2502 2896 2558 resarcitur
2925 2506 2986 2557 et
3035 2501 3416 2558 reformatur:
3470 2503 3698 2558 idcirco
3733 2519 3929 2574 quem-

2262 2592 2578 2648 admodum
2626 2608 2742 2662 quo
2801 2597 3060 2663 tempore
3109 2609 3215 2648 nos
3264 2597 3416 2648 Deus
3474 2593 3782 2660 formavit,
3818 2601 3925 2648 ter-

2265 2696 2388 2736 ram
2439 2685 2495 2734 et
2554 2696 2769 2750 aquam
2831 2680 3181 2752 assumpsit,
3233 2681 3312 2736 ita
3361 2681 3538 2736 etiam
3593 2683 3670 2737 ad
3744 2683 3924 2737 nostri

2263 2770 2736 2824 reformationem
2762 2769 2928 2841 panis
2958 2777 3010 2824 et
3036 2769 3234 2826 vinum
3270 2776 3691 2826 assumuntur.

2336 2859 2587 2914 Proinde
2634 2875 2765 2914 cum
2818 2859 3078 2915 Christus
3124 2865 3320 2931 aperte
3376 2861 3556 2927 dicat,
3625 2862 3916 2917 neminem

2265 2949 2324 3003 in
2385 2966 2630 3021 regnum
2681 2949 2957 3005 cmlorum
3012 2949 3445 3021 ingressurum,
3487 2951 3602 3007 nisi
3655 2954 3715 3007 in
3772 2970 3918 3024 aqua

2263 3045 2316 3093 et
2343 3038 2563 3109 Spiritu
2594 3044 2834 3094 renatus
2870 3039 3061 3108 fuerit,
3094 3041 3470 3111 impudenter
3504 3043 3776 3112 profecto
3811 3044 3914 3113 legi

2264 3129 2610 3199 refragatur,
2639 3133 3013 3200 extremaque
3044 3129 3332 3186 dementia
3357 3130 3610 3200 laborat,
3647 3133 3916 3203 quisquis

519 3197 630 3294 que
653 3222 876 3294 (capitis
907 3223 962 3276 id
999 3197 1432 3292 indumentum)
1472 3197 1703 3292 bvssina
1745 3226 1888 3286 erat,
1920 3225 1978 3276 et
2007 3197 2154 3276 zona
2184 3197 2235 3264 (ἶ
2268 3197 2624 3289 baptismum
2657 3197 3073 3274 conferendum
3110 3237 3224 3276 non
3263 3236 3394 3276 esse
3426 3197 3762 3289 contendit,
3808 3197 3915 3292 quo

513 3328 656 3383 opus
687 3310 1063 3381 variegatam.

579 3402 764 3472 Atque
797 3399 1077 3454 rationale
1114 3400 1346 3470 quidem
1407 3399 1896 3471 superhumerali,
1933 3400 2152 3457 lamina

508 3505 640 3543 vero
689 3487 876 3542 mitrae
933 3487 1281 3553 cohaerebat,
1307 3488 1592 3559 mitraque
1640 3491 1777 3544 adeo
1835 3490 2151 3546 sacerdotis

510 3576 684 3648 capiti
715 3577 1144 3650 imponebatur.

581 3666 718 3722 Erat
772 3670 1045 3736 praeterea
1105 3665 1286 3721 altare
1363 3664 1780 3736 thymiamatis,
1833 3682 1934 3724 seu
1991 3669 2152 3722 sufﬁ-

511 3756 717 3824 menti,
752 3771 820 3811 ex
877 3755 1056 3826 lignis
1087 3754 1442 3826 incorruptis
1490 3755 1911 3827 quadrangulis
1970 3757 2148 3813 deau-

512 3849 692 3900 ratum
716 3863 727 3898 :
763 3849 819 3901 et
845 3844 1120 3900 cornibus
1153 3843 1344 3899 aureis
1367 3844 2148 3909 distinctum,etadolebatur

511 3935 571 3990 in
587 3935 966 3991 eoincensum
985 3934 1592 4005 compositum,tenue,
1614 3934 1917 3989 incensum
1934 3929 2145 3988 ἐνδελε-

519 4022 797 4098 χισμένον,
822 4024 932 4080 hoc
989 4029 1075 4079 est
1125 4025 1278 4096 quod
1330 4023 1568 4079 assidue
1623 4024 1976 4078 movebatur.
2013 4026 2146 4080 Erat

511 4132 678 4186 porro
738 4114 1042 4169 incensum
1095 4113 1486 4184 compositum
1545 4130 1612 4168 ex
1668 4113 1913 4186 myrrhae
1957 4119 2142 4187 gutta,

507 4204 747 4274 onyche,
784 4204 1080 4273 fragrante
1110 4202 1378 4273 galbano,
1405 4206 1461 4256 et
1482 4203 1647 4256 thure
1681 4201 1986 4274 pellucido.

579 4293 748 4347 Dedit
771 4297 960 4347 autem
992 4298 1145 4346 Deus
1178 4291 1347 4359 Mosi,
1380 4295 1759 4362 posteaquam
1793 4291 1961 4346 desiit
1990 4291 2144 4364 loqui

508 4398 639 4436 cum
664 4379 783 4448 illo,
816 4381 872 4434 in
909 4385 1105 4436 monte
1137 4380 1296 4448 Sina,
1324 4379 1552 4436 tabulas
1610 4381 1756 4435 duas
1804 4379 2140 4452 testimonii,

503 4469 1028 4542 tabulaslapideas,
1064 4469 1242 4541 digito
1274 4469 1373 4524 Dei
1407 4470 1673 4539 scriptas.

2263 3313 2451 3362 tamen
2515 3308 2856 3379 intersignio
2913 3307 3058 3363 citra
3116 3311 3579 3366 controversiam
3626 3312 3915 3383 praecipue

2263 3397 2694 3468 dignoscuntur
2724 3397 2831 3466 illi,
2879 3397 3214 3469 quicunque
3257 3400 3498 3454 nomina
3538 3401 3780 3456 Christo
3826 3403 3920 3455 de-

2260 3485 2708 3543 derunt.Priscis
2727 3488 2884 3541 enim
2907 3487 3381 3558 generationibus
3413 3489 3566 3546 alias
3603 3490 3748 3546 aliis
3776 3489 3924 3560 leges

2263 3575 2585 3646 imposuit:

2334 3665 2556 3721 Adamo
2598 3666 2836 3736 quidem
2902 3665 3158 3734 arboris,
3220 3667 3395 3724 Noaeo
3433 3670 3710 3724 carnium
3790 3687 3928 3727 esus

2259 3753 2468 3825 legem,
2523 3755 2855 3810 Abrahamo
2931 3755 3430 3812 circumcisionem
3502 3759 3695 3828 dedit,
3753 3775 3928 3831 gene-

2259 3842 2439 3899 ralem
2472 3843 2722 3914 denique
2771 3844 2953 3917 legem
2988 3845 3278 3917 prophetae
3310 3847 3488 3903 Mosis
3544 3864 3724 3920 Opera
3780 3866 3924 3905 con-

2259 3932 2522 4003 scripsit.

2326 4022 2517 4093 Atque
2549 4022 2606 4076 in
2666 4023 2850 4078 sacris
2909 4023 3234 4095 Evangeliis
3282 4043 3396 4081 non
3422 4027 3552 4097 jam
3611 4028 3686 4083 de
3746 4030 3913 4100 parvi

2262 4111 2533 4166 momenti
2568 4113 2762 4174 rebus.
2799 4129 3045 4184 qumque
3100 4115 3221 4170 sint
3275 4116 3710 4174 elementorum
3771 4121 3919 4193 vice,

2256 4201 2380 4273 lege
2433 4203 2760 4274 proposuit,
2822 4206 2921 4259 sed
2973 4204 3319 4274 perfectiora
3375 4207 3731 4263 meditanda
3789 4226 3918 4264 esse

2255 4292 2471 4347 docuit.
2501 4292 2563 4345 Et
2596 4291 3096 4362 quemadmodum
3132 4309 3335 4350 recens
3376 4296 3532 4351 natis
3585 4297 3917 4352 infantibus

2255 4388 2468 4436 matres
2529 4396 2817 4436 mammas
2862 4381 3200 4448 admovent,
3247 4400 3354 4440 nec
3400 4385 3480 4439 ita
3537 4385 3736 4442 multo
3789 4393 3917 4458 post

2255 4469 2525 4524 intritum
2557 4469 3106 4542 comminutumque
3136 4473 3410 4529 dentibus
3451 4474 3682 4541 cibum,
3720 4480 3775 4530 et
3820 4477 3910 4531 ubi

577 4559 813 4614 Mandut
842 4559 1080 4629 insuper
1105 4559 1279 4625 Deus,
1306 4563 1369 4613 ut
1423 4560 1774 4615 sacriﬁcium
1830 4561 1949 4627 ﬁat,
1975 4563 2145 4631 juxta
2177 4552 2222 4617 D
2253 4559 2631 4625 adoleverint,
2654 4557 2992 4614 solidiorem
3041 4566 3398 4633 suggerunt:
3426 4561 3509 4618 ita
3538 4564 3722 4618 etiam
3787 4582 3912 4619 cum

506 4648 842 4702 facultatum
875 4648 1332 4717 proportionem,
1366 4649 1452 4702 vel
1477 4649 1681 4716 vitulo,
1715 4651 1800 4705 vel
1826 4667 1996 4723 agno,
2055 4651 2142 4707 vel

505 4751 715 4803 capra;
750 4740 1021 4790 ceterum
1055 4740 1119 4789 ut
1176 4752 1207 4788 a
1265 4736 1610 4808 pauperibus
1670 4755 1772 4808 per
1831 4747 2140 4809 turturum,

505 4823 730 4879 velduo
761 4824 907 4895 pulli
959 4824 1385 4891 columbarum,
1419 4842 1450 4879 a
1477 4827 1916 4897 pauperioribus
1949 4837 2138 4886 autem

503 4914 700 4969 simila
752 4915 977 4970 modica
1031 4913 1155 4968 oleo
1213 4915 1386 4970 mista
1443 4917 1769 4974 offerretur.
1804 4920 2138 4976 Hostiarum

500 5010 781 5076 praeterea
814 5005 939 5060 alite
989 5004 1226 5076 integrae
1279 5004 1624 5075 urebantur,
1658 5006 1904 5062 aliarum
1953 5027 2136 5080 parva:

498 5097 766 5167 quaedam
781 5099 1302 5166 partes,omentum
1317 5137 1328 5161 ,
1346 5111 1530 5160 renes,
1547 5097 1923 5167 superjaceus
1938 5100 2137 5172 adeps,

495 5194 548 5242 et
576 5204 705 5257 pars
737 5187 965 5259 hepatis
999 5187 1257 5243 inferior.
1291 5189 1344 5242 Is
1378 5204 1548 5258 porro
1580 5186 1679 5257 qui
1713 5187 1931 5243 animal
1951 5190 2135 5259 oﬂ‘ert,

493 5276 701 5332 homo:
739 5279 838 5347 qui
883 5295 1014 5333 vero
1065 5277 1342 5343 similam,
1390 5278 1585 5332 anima
1634 5277 1693 5332 in
1753 5280 1936 5334 sacris
1991 5282 2136 5336 Scri-

493 5367 684 5434 pturis
716 5367 1060 5438 appellatur.
1095 5367 1372 5422 Prohibet
1402 5372 1596 5421 autem
1630 5383 1702 5420 ne
1742 5368 1852 5422 mel
1889 5370 2132 5425 fermen-

488 5452 711 5520 tatique
736 5470 914 5522 pane
961 5455 1133 5510 altari
1163 5459 1551 5525 apponantur.
1579 5454 1740 5517 Quod
1797 5455 1843 5510 si
1878 5457 2133 5527 pontifex

488 5545 840 5610 praeceptum
875 5545 1109 5614 aliquod
1160 5551 1531 5613 trangressus
1576 5549 1751 5611 esset,
1804 5546 1982 5602 vitulo
2021 5548 2133 5602 im-

490 5627 780 5683 maculato
816 5646 828 5682 :
863 5632 911 5684 si
945 5633 1240 5702 princeps,
1292 5632 1565 5688 anniculo
1600 5632 1797 5690 haedo:
1845 5635 1894 5689 si
1939 5635 2129 5707 quivis

2256 4648 2442 4720 legem
2493 4647 2660 4703 nobis
2719 4648 3017 4721 paedagogi
3081 4649 3209 4707 loco
3263 4656 3415 4706 Deus
3492 4654 3910 4710 universorum

2258 4738 2698 4804 introduxisset,
2732 4738 3080 4807 perfectiora
3112 4741 3348 4796 tandem
3391 4743 3734 4813 proposuit.
3771 4743 3910 4798 Inte-

2253 4829 2361 4884 rim
2429 4833 2625 4883 tamen
2693 4826 2867 4882 Vetus
2924 4844 3163 4900 quoque
3235 4831 3698 4888 Testamentum
3762 4834 3907 4889 haud

2253 4934 2416 4976 secus
2471 4921 2644 4988 atque
2695 4920 3016 4973 maternam
3085 4936 3401 4976 mammam
3478 4921 3910 4995 amplectimur.

2253 5007 2481 5064 etiamsi
2509 5006 2580 5060 ab
2627 5005 2756 5076 ejus
2800 5005 2951 5062 lacte
3001 5007 3426 5076 abstineamus,
3460 5025 3570 5068 nec
3601 5012 3906 5068 circumci-

2252 5098 2500 5165 sionem,
2528 5095 2862 5166 sabbatum,
2894 5095 3270 5168 sacriﬁcia,et
3302 5099 3684 5170 aspersiones
3716 5103 3905 5158 obser-

2249 5202 2382 5242 VBN
2411 5202 2479 5240 Cll
2490 5199 2708 5240 remus.

2321 5275 2510 5330 Alium
2552 5278 2834 5345 praeterea
2879 5274 3135 5331 fructum
3165 5293 3238 5334 ex
3290 5279 3478 5334 Veteri
3537 5281 3904 5337 Testamento

2247 5365 2619 5436 decerpimus
2645 5377 2659 5428 ;
2686 5363 2958 5434 pietatem
2991 5366 3174 5434 enim,
3209 5368 3386 5423 fidem
3426 5370 3483 5424 in
3511 5374 3726 5431 Deum.
3769 5372 3900 5426 dile-

2245 5459 2490 5514 ctionem
2517 5456 3569 5529 proximi,temperaatiam,justitiam
3591 5469 3652 5518 et
3685 5465 3896 5518 fortitu-

2245 5550 2440 5606 dinem
2495 5550 2696 5602 exacte
2743 5546 2934 5615 docet,
2993 5553 3167 5619 atque
3227 5555 3488 5606 veterum
3568 5560 3887 5609 sanctorum

2242 5637 2494 5710 exempla
2524 5634 2693 5692 nobis
2725 5635 3013 5693 imitanda
3040 5639 3329 5710 proponit.
3379 5641 3878 5700 Verumenimverc
