4090 6192
246 304 400 366 1261
1591 323 1990 388 THESAURI
2034 327 2188 390 LIB.
2237 331 2339 393 IV.
3507 355 3663 430 1262

230 441 1312 512 aspcrsionumillarumvicodivinum
1340 455 1884 527 baptismasufiicit,
1921 463 1971 528 Α
2003 468 2162 534 sunt,
2199 466 2378 537 quiin
2436 471 2817 530 traditionum
2870 477 2996 547 ejus
3048 479 3294 539 lectione
3334 495 3660 553 versantur.

233 533 390 602 quod
427 549 536 588 non
573 533 766 589 solum
802 542 994 594 vetera
1027 546 1259 608 peccata
1289 546 1470 614 gratis
1505 547 1884 614 remittit,sed
2002 551 2104 606 Ubi
2136 533 2295 610 enim
2333 557 2570 626 paulum
2607 533 2952 634 progressus

2333 621 2350 626 _
2607 621 2621 632 .
2713 621 2746 634 υ
2937 621 2940 622 ν
3405 621 3652 640 ..ψη-...η

231 621 410 675 etiam
448 623 867 694 promissorum
899 627 1185 684 bonorum
1214 648 1374 702 spem
1426 637 1698 706 proponit
1728 653 1740 691 :
1779 655 1884 693 nos
1992 647 2162 697 vocat
2198 643 2606 704 Universorum
2632 655 3101 726 Propagatorem,
3126 679 3298 732 quem
3329 682 3499 723 nemo
3546 689 3652 727 co-

231 709 543 732 n-...:_:--_
583 714 776 732 ___A,,a!,
820 721 856 732 γι
1169 719 1204 732 .-
1296 721 1305 732 ο
1580 730 1586 732 .
1724 727 1771 732 _-
1818 727 1830 732 -
2029 729 2041 732 -
2143 731 2150 732 ,

227 709 548 766 Dominicaa
582 714 787 769 mortis
808 721 866 770 et
896 719 1342 777 resurrectionis
1359 730 1658 780 consortes
1683 727 1877 796 etﬁcit,
1987 729 2268 800 gitatione
2300 738 2596 808 percipere
2628 748 2822 812 queat,
2885 762 3066 817 eaque
3127 709 3198 806 de
3247 769 3423 810 causa
3483 758 3647 815 Chri-

226 800 516 858 donorum
567 804 754 860 sancti
813 806 1071 876 Spiritus
1125 812 1438 884 participes
1494 815 1676 873 facit:
1724 817 1878 874 {illos
1986 822 2145 874 stum
2175 821 2435 894 seipsum
2473 827 2725 886 hominis
2760 833 2966 890 Filium
2995 836 3053 892 in
3096 839 3643 912 Evangeliisvocare

226 889 490 912 n-:;__,
548 909 661 912 -_,A
729 895 781 912 J_
873 911 877 912 ,
976 901 984 912 ι
1068 903 1077 912 .
1373 903 1382 912 .
1553 905 1623 912 Α..
1856 907 1870 912 -
2151 907 2163 912 -

2265 889 2282 894 ν
2951 889 2964 890 ,
3096 889 3423 912 _.__O-...-
3450 889 3635 906 ,νυ-..υ

223 889 329 944 Dei
361 893 494 962 {nos
543 909 668 948 csse
720 895 1106 966 demonstrat,
1143 916 1248 956 nec
1300 903 1489 959 solum
1545 905 1715 974 ﬁlios,
1775 907 1871 961 sed
1983 907 2212 973 asserit,
2234 927 2336 967 nec
2369 913 2603 972 interim
2628 921 2956 989 conjectare
3007 931 3215 996 potest,
3271 930 3462 990 Deum
3494 935 3635 992 Vere

215 980 395 1035 etiam
434 981 691 1039 heredes
743 987 866 1054 Dei,
949 991 1005 1044 et
1053 989 1389 1048 cohwredes
1467 994 1706 1052 Christi.
1773 996 1874 1050 Est
1982 994 2120 1052 bum
2153 997 2482 1059 Creatorem
2518 980 2911 1079 hominum,at
2937 980 3385 1078 no‘n‘homin—em
3421 980 3625 1092 fuisse,

2833 1071 2843 1079 .
3424 1071 3625 1092 «ww.

217 1071 377 1124 euim
443 1071 773 1129 futurorum
858 1077 1144 1134 bonorum
1198 1081 1470 1150 arrhabo,
1546 1084 1869 1156 futuraque
1978 1086 2072 1154 qui
2107 1091 2338 1145 tandem
2371 1092 2734 1152 humanitate
2766 1100 3055 1159 divinitati
3091 1109 3421 1178 commista,
3473 1131 3626 1171 unus

211 1163 662 1221 resurrectionis
694 1169 863 1238 typus
894 1173 950 1223 et
984 1169 1192 1241 ﬁgura,
1229 1174 1687 1231 communicatio
1745 1177 1865 1232 Do-
1975 1175 2246 1250 idemque
2274 1181 2454 1238 Filius
2488 1185 2789 1257 Altissimi,
2819 1196 2870 1246 et
2886 1193 3070 1250 Filius
3091 1163 3622 1272 hominisd’icitur,

2779 1252 2786 1257 _
3189 1252 3194 1253 κ
3384 1252 3618 1272 --τ---η

207 1252 559 1309 minioarum
589 1260 953 1327 passionum,
988 1260 1354 1332 participatio
1420 1266 1863 1322 resurrectionis
1974 1266 2148 1322 unius
2181 1267 2558 1340 hypostaseos
2590 1278 2829 1346 ratione,
2866 1298 2993 1352 quae
3025 1284 3256 1344 duobus
3302 1307 3369 1346 ex
3391 1296 3618 1351 naturis

211 1341 866 1413 Christi,vestimentum
902 1349 1133 1416 salutis,
1167 1353 1363 1409 tunica
1393 1353 1680 1422 laetitia,et
1710 1356 1861 1412 stola
1969 1351 2048 1408 ita
2083 1358 2333 1454 perfecta
2362 1367 2471 1433 est,
2507 1369 2571 1420 ut
2601 1341 2925 1440 composita
2983 1375 3080 1439 sit,
3141 1341 3416 1447 quoniam
3482 1391 3618 1454 post

2458 1431 2465 1433 .
2739 1431 2754 1440 .
3069 1431 3079 1439 .
3158 1431 3173 1447 ,
3231 1431 3416 1437 ηπη.
3482 1431 3618 1454 τη-

207 1431 545 1501 splendida,
578 1433 694 1491 imo
728 1437 1172 1510 splendoripse.
1968 1443 2437 1514 conjunctionem
2471 1455 2668 1510 unain
2727 1457 3025 1529 hypostasi
3085 1469 3436 1538 composita,
3501 1490 3618 1532 uno

278 1521 540 1594 Quotquot
596 1524 748 1580 enim
797 1529 856 1582 in
915 1528 1193 1584 Christum
1245 1531 1507 1603 baptisati
1552 1549 1761 1600 sumus,
1795 1536 1854 1589 in
1962 1530 2226 1627 inquam,
2259 1537 2507 1606 Christo,
2563 1521 2788 1599 naturai
2813 1521 2986 1604 salvae
3053 1521 3615 1627 supersunt,l,nihilo

199 1616 441 1666 mortem
484 1614 601 1684 ejus
663 1615 934 1687 baptizati
988 1635 1203 1686 sumus,
1263 1630 1323 1676 ut
1389 1624 1853 1694 quemadmodum
1961 1621 2152 1676 secius
2203 1629 2377 1695 atque
2438 1630 2730 1686 naturales
2807 1639 3146 1695 earumdem
3203 1646 3610 1717 prOprietates,

201 1701 453 1757 Christus
479 1719 578 1775 per
604 1705 839 1775 gloriam
868 1709 1058 1764 Patris
1086 1712 1362 1766 excitatus
1392 1721 1468 1768 est
1516 1731 1549 1768 a
1593 1715 1847 1780 mortuis,
1959 1708 2040 1764 ita
2070 1715 2134 1765 ut
2164 1713 2266 1783 qni
2295 1714 2596 1772 Christum
2623 1721 2908 1791 enuntiat,
2942 1701 3223 1783 duarum.
3261 1701 3607 1792 naturarum

198 1792 286 1846 ita
306 1795 358 1846 et
387 1809 482 1848 nos
511 1795 570 1848 in
602 1795 896 1852 novitatate
923 1799 1048 1854 vitae
1069 1800 1502 1858 ambulemus.Si
1531 1805 1677 1859 enim
1696 1803 1856 1859 insiti
1883 1813 1930 1885 Β
1961 1799 2430 1870 conjunctionem
2483 1809 2788 1880 perspicue
2829 1813 3138 1885 significet.
3193 1821 3381 1892 Atque
3422 1828 3602 1880 Deum

190 1896 388 1936 sumus
435 1881 494 1936 in
547 1882 990 1942 similitudinem
1040 1891 1198 1944 motis
1254 1889 1390 1960 ejus,
1459 1899 1609 1946 certe
1677 1895 1728 1947 et
1790 1892 1849 1947 in
1909 1881 1918 1885 ’
1961 1905 2130 1945 carne
2151 1908 2413 1979 passum,
2448 1900 2769 1979 etkcarnem
2809 1902 2971 1959 Verbi
3015 1909 3329 1979 propriain
3392 1919 3602 1972 natura

195 1973 618 2027 resurrectionis
645 1976 850 2030 erimus
876 1975 942 2033 ⁴².

1960 1975 2474 2046 passam,denique
2507 1977 2821 2037 Dominum
2854 1973 3050 2055 gloriae
3083 1973 3425 2050 cruciﬁxum
3457 2012 3586 2053 esse

266 2060 397 2115 Haec
429 2065 571 2116 sunt
601 2080 726 2133 quas
759 2082 863 2119 nos
896 2066 1210 2136 Apostolus
1242 2068 1312 2123 de
1344 2068 1793 2140 divinobaptisn

1956 2066 2189 2131 propter
2209 2079 2502 2121 summam
2539 2074 2877 2128 naturarum
2919 2077 3390 2146 conjunctionem
3437 2086 3596 2154 {dici-

185 2149 405 2205 sentire
436 2150 644 2216 voluit,
681 2152 932 2209 haeretici
957 2159 1174 2223 autem,
1208 2161 1378 2212 tuum
1440 2159 1791 2230 Ascodrupit

1955 2165 2106 2239 mus.
2144 2151 2209 2206 Et
2243 2153 2361 2209 huic
2394 2155 2492 2211 illa
2521 2159 2993 2220 estTheandrica
3023 2169 3280 2239 energia,
3323 2149 3445 2230 hoc
3476 2179 3590 2237 est,

178 2237 367 2304 hi,de
417 2241 636 2311 quibus
680 2243 932 2314 agimus,
996 2250 1124 2300 tum
1195 2247 1536 2322 quiuuuque
1596 2248 1838 2304 murum
1950 2237 2126 2294 Deiet
2149 2240 2408 2298 hominis
2462 2248 2740 2316 operatio.
2800 2237 3190 2325 Posteaquam
3241 2259 3397 2316 enim
3439 2262 3595 2320 Deus

178 2328 430 2400 vestigia
453 2329 636 2385 secuti
669 2330 932 2388 divinum
952 2334 1241 2404 baptisma
1257 2337 1600 2404 detrectant,
1626 2338 1839 2392 abeant
1948 2326 2122 2385 hOmO
2154 2331 2339 2388 factus
2365 2338 2472 2401 εει,
2508 2340 2565 2390 et
2596 2336 2855 2396 humana
2909 2343 3035 2413 ejus
3081 2349 3336 2416 οΡθΓαίίο
3390 2352 3591 2409 (“Vina

181 2415 245 2471 in
279 2417 489 2473 malum
524 2420 816 2492 rem,quia
848 2422 1219 2492 potissimum
1243 2441 1369 2496 quas
1402 2425 1512 2480 sub
1531 2431 1832 2496 aspectum
1945 2426 2085 2486 θναι,
2134 2435 2233 2475 8611
2287 2422 2578 2490 deiﬁcum,
2656 2445 2760 2483 nec
2801 2430 3011 2489 dii/i033
3053 2437 3407 2506 operationis
3463 2443 3592 2511 eius

180 2507 407 2562 cadunt
432 2509 656 2580 omnia,
707 2511 1048 2582 ignorantia
1108 2517 1164 2568 et
1221 2514 1524 2570 affectibus
1582 2516 1833 2572 obnoxia
1942 2521 2143 2577 expers
2177 2524 2190 2562 ἒ
2227 2513 2402 2581 atque
2429 2513 2630 2570 divina
2654 2515 2917 2574 vicissim
2937 2525 3194 2593 operatio
3216 2527 3288 2582 ab
3330 2527 3589 2588 humana

176 2612 311 2652 esse
343 2596 566 2654 dicunt,
624 2599 772 2656 Nam
823 2601 955 2672 quis
1014 2603 1359 2674 ignorantia,
1408 2604 1829 2677 “rudibusque
1940 2597 2275 2684 operatione
2306 2616 2420 2655 non
2441 2602 2785 2674 abhorrens,
2817 2609 2918 2664 sed
2943 2615 3190 2684 utraque
3220 2631 3352 2672 cum
3401 2618 3586 2677 altera

174 2684 347 2742 locus
380 2689 534 2758 apud
548 2687 753 2760 Deum,
784 2691 884 2761 qui
909 2691 1056 2746 nihil
1086 2691 1246 2748 aliud
1267 2697 1376 2761 est,
1411 2709 1586 2765 quam
1621 2699 1823 2752 natura
1937 2683 2081 2741 οίῑτι
2111 2688 2514 2746 confusionem
2545 2691 2933 2756 eluoescebat.

173 2774 452 2847 simplex,
474 2777 772 2852 nullisque
794 2778 1096 2836 affectibus
1125 2781 1458 2853 obnoxia,et
1490 2799 1615 2854 quae
1637 2785 1824 2841 scien-

167 2843 322 2919 tiam
357 2865 582 2922 homini
613 2843 889 2939 patefacit
918 2869 945 2923 ‘I
1383 2843 1394 2853 ’
1505 2843 1525 2854 ’
2595 2843 2748 2900 CAP.
2812 2846 2905 2908 IX.

814 2975 970 3032 CAP.
1024 2977 1172 3032 VIII.

563 3080 756 3140 Octava
795 3083 1024 3142 haeresis
1116 3084 1428 3144 Colobrarsi

2034 2958 2188 3015 Nona
2245 2962 2500 3032 Musis,
2578 2967 2926 3036 Ophitarum.
2987 2974 3057 3030 Hi
3091 2975 3465 3048 baptisantur.

1996 3083 2218 3153 Ophites
2266 3095 2550 3148 vocantur
2594 3111 2626 3148 a
2699 3102 2987 3170 serpente,
3079 3118 3255 3174 quem
3341 3109 3565 3170 colunt.

237 3186 573 3257 Ogdoszdem
606 3190 948 3260 quamdam,
979 3208 1086 3252 seu
1112 3193 1472 3250 octonarium
1499 3210 1812 3256 numerum
1846 3185 1888 3252 ρ
1921 3171 2102 3265 Aiunt
2133 3184 2324 3233 autem
2359 3179 2430 3234 ab
2454 3186 2649 3246 Eone,
2684 3201 2786 3240 seu
2819 3188 3030 3246 saeculo
3089 3194 3406 3265 superiore,
3453 3197 3572 3253 alia

160 3275 520 3332 Colobarsus
562 3277 656 3335 hic
705 3280 1119 3340 fabulabatur:
1181 3297 1430 3354 eamque
1473 3287 1804 3355 Propetore,

159 3365 406 3432 Ennaea,
435 3384 533 3423 seu
564 3369 948 3442 Cogitatione,
971 3372 1162 3440 Patre,
1203 3374 1480 3441 Veritate,
1532 3375 1802 3444 Homine,

152 3453 438 3520 Ecclesia,
475 3457 654 3516 Verbo
683 3464 741 3516 et
771 3462 910 3532 vita,
939 3467 1208 3524 constare
1238 3464 1488 3520 dicebat.

222 3547 381 3608 Quod
416 3547 591 3618 igitur
621 3567 653 3606 a
683 3556 991 3622 Propatore
1045 3558 1179 3610 ante
1227 3555 1446 3624 omnia,
1508 3560 1798 3629 tanquam

148 3635 524 3693 conducibile
556 3639 733 3707 factu,
754 3641 1146 3711 echgitatum
1179 3643 1388 3714 fuerat,
1448 3644 1506 3704 id
1565 3651 1799 3704 Patrem

147 3723 348 3786 vocari
392 3725 740 3784 Colobarsus
770 3730 1262 3788 asserebat.Aliud
1296 3750 1466 3804 porro
1500 3736 1796 3806 Veritatis,

146 3812 312 3868 aliud
344 3814 612 3874 Hominis
645 3818 1038 3889 appellatione
1059 3821 1424 3892 designabat.
1457 3823 1618 3881 Alios
1668 3843 1798 3884 cum

143 3901 208 3956 in
233 3904 492 3960 medium
546 3913 912 3979 proponeret,
972 3910 1290 3968 Ecclesiam
1352 3929 1479 3970 esse
1527 3918 1799 3990 praecogi-

141 3996 324 4061 taret,
341 3999 520 4068 atque
547 4013 618 4053 ex
644 3997 908 4057 Ecclesia
936 3999 1192 4058 Verbum
1255 4005 1634 4074 processisse,
1695 4007 1796 4079 qui

137 4081 391 4153 quidem
421 4090 512 4142 est
545 4086 728 4144 Filius
763 4088 858 4144 Dei
917 4089 1366 4162 primogenitus,
1423 4110 1594 4164 quem
1645 4112 1794 4165 pone

134 4173 284 4228 Vita
305 4180 664 4245 sequeretur.
693 4178 880 4248 Atque
901 4177 1009 4233 hoc
1045 4180 1217 4236 modo
1249 4197 1417 4236 suam
1466 4183 1796 4254 complebat

133 4261 440 4332 Ogdoada.
465 4266 746 4322 Caeterum
777 4267 1073 4324 Colobarsi
1099 4269 1392 4326 auditores
1415 4274 1471 4326 et
1493 4271 1791 4346 discipuli,

132 4350 406 4407 hominis
437 4370 674 4425 quoque
703 4372 915 4413 nomen
950 4356 1365 4414 Universornm
1407 4362 1704 4431 PrOpatori
1736 4368 1793 4419 et

127 4443 721 4512 Proanennoeto,hoc
771 4449 862 4501 est
914 4446 1091 4516 ei,qui
1166 4451 1299 4504 ante
1355 4449 1554 4506 omnia
1595 4457 1790 4508 mente

128 4529 560 4600 concipiendus
615 4537 723 4600 est,
757 4533 1074 4590 attribuere
1132 4536 1262 4592 ausi
1319 4545 1476 4593 sunt.
1541 4541 1668 4606 Qua
1718 4543 1791 4598 de
1825 4561 1871 4624 ι)

125 4636 323 4676 causa
358 4621 564 4677 Filium
603 4623 864 4679 hominis
897 4623 1159 4695 seipsum
1188 4625 1248 4681 in
1277 4627 1606 4700 Evangeliis
1628 4631 1793 4686 Chri-

125 4714 303 4764 stum
326 4711 541 4768 dixisse
565 4714 1010 4770 contendebant.

465 4839 730 4894 ereseos
756 4838 1120 4911 pmoedentis
1142 4843 1468 4913 confutatio.

207 4943 562 5006 Colobarsus
576 4946 862 5024 quasdam
883 4945 1198 5015 Ptolemaei,
1216 4950 1482 5021 Marci,et
1501 4951 1784 5018 Valentini

121 5033 460 5091 sententias
496 5035 936 5110 impurissimas
969 5037 1283 5112 refingens,
1317 5044 1488 5113 atque
1549 5044 1784 5103 illorum

124 5124 392 5180 Tetrada
414 5141 514 5181 seu
549 5127 1006 5191 Quaternitaiem
1039 5128 1107 5184 ad
1146 5127 1533 5201 Ogdoadaseu
1550 5139 1786 5198 octona-

121 5213 292 5269 rium
326 5231 636 5276 numerum
671 5218 1020 5286 producens,
1046 5217 1388 5287 perditionis
1438 5223 1623 5280 scalas
1671 5226 1783 5286 sibi

119 5303 241 5358 iosi
276 5320 514 5375 suaeque
568 5305 836 5362 factionis
886 5305 1224 5362 hominibus
1282 5310 1588 5382 compegit,
1647 5331 1781 5372 cum

116 5409 201 5448 ea
228 5409 358 5463 quis
418 5394 668 5451 effutivit
719 5394 878 5452 nullo
913 5412 1160 5468 prorsus
1205 5398 1405 5454 ordine
1464 5403 1638 5467 stent,
1667 5403 1781 5459 ime

107 5481 242 5539 sibi
273 5482 428 5538 inter
458 5500 521 5539 se
551 5489 913 5557 repugnent:
942 5490 1008 5541 ut
1074 5485 1114 5539 ii
1185 5485 1621 5556 deprehendere
1643 5509 1781 5563 pos-

197 5627 247 5663 “
271 5627 440 5686 Rom.
464 5638 542 5701 vt,
577 5631 610 5685 3
641 5645 805 5703 seqq.

1917 3261 2131 3322 saecula
2170 3268 2546 3340 processisse,
2596 3289 2845 3344 quorum
2897 3261 3200 3337 inﬁrmum
3241 3283 3320 3338 sit
3361 3284 3570 3348 Jalda-

1917 3348 2117 3422 baoth,
2151 3368 2218 3408 ex
2276 3358 2570 3427 superiore
2624 3367 2809 3418 matre
2847 3365 3108 3424 Pronice.
3163 3371 3326 3428 Hunc
3393 3390 3564 3444 porro

1917 3439 2359 3532 adinﬁmaloca
2422 3447 2819 3522 descendisse,
2875 3455 3073 3527 ibique
3133 3465 3358 3532 septem
3393 3439 3562 3521 tilios

1913 3530 2207 3598 genuisse,
2241 3534 2336 3604 qui
2370 3546 2589 3608 septem
2622 3538 2734 3595 sibi
2767 3542 2940 3602 caelos
2959 3530 3412 3612 construaerint.
3437 3553 3561 3609 Jal-

1912 3617 2163 3675 dabaoth
2196 3623 2426 3693 deinde,
2461 3644 2632 3698 quem
2660 3629 3028 3690 Hebraeorum
3076 3653 3313 3710 quoque
3370 3640 3550 3697 Deum

1910 3707 2131 3780 dicunt,
2161 3712 2418 3784 seipsum
2455 3733 2632 3788 supra
2663 3722 3045 3790 conclusisse,
3081 3741 3151 3780 ne
3178 3707 3401 3799 septem
3447 3729 3551 3784 lilii

1909 3811 1976 3851 ea
2031 3807 2470 3873 cognoscerent,
2533 3821 2660 3876 quas
2718 3825 2897 3879 supra
2954 3827 3013 3866 se
3052 3818 3210 3870 sunt.
3257 3816 3364 3879 Qui
3417 3833 3551 3873 mox

1907 3885 2206 3949 hominem
2233 3891 2304 3945 ad
2340 3894 2520 3961 patris
2550 3893 2899 3952 Jaldabaoth
2932 3899 3082 3956 idem
3106 3903 3549 3976 fconﬁnxerunt,

1905 3980 2030 4032 erat
2060 3982 2256 4032 autem
2288 3979 2462 4037 homo
2493 3981 2695 4053 reptile
2748 3989 3250 4056 quemadmodum
3309 3997 3544 4054 vermis.

1905 4064 2188 4124 Caeterum
2213 4085 2342 4124 cum
2377 4072 2620 4129 Pronice
2638 4079 2823 4132 mater
2841 4077 3190 4138 Jaldabaolh
3210 4083 3397 4141 ﬁlium
3415 4087 3548 4142 odio

1905 4162 2376 4231 prosequeretur,
2411 4162 2566 4233 quod
2616 4180 2731 4235 prae
2765 4165 2916 4222 fastu
2964 4170 3225 4237 seipsum
3275 4177 3548 4248 superius

1904 4244 2307 4314 conclusisset,
2363 4249 2663 4308 hominem
2715 4254 2970 4314 scintilla
3027 4259 3237 4318 divinae
3291 4244 3544 4336 virtutis,

1905 4333 2012 4392 hoc
2041 4339 2130 4391 est
2161 4336 2380 4405 anima,
2404 4339 2659 4396 donavit.
2722 4342 2960 4402 Erectus
3001 4346 3198 4420 itaque
3249 4351 3307 4406 in
3371 4333 3548 4425 pedes

1901 4423 2077 4482 homo
2109 4427 2458 4498 cogitatione
2513 4430 2684 4488 caelos
2752 4438 3098 4507 penetravit,
3149 4423 3546 4516 laudibusque

1900 4514 2193 4572 caelestem
2221 4516 2593 4576 Jaldabaothi
2615 4525 2836 4592 patrem
2867 4525 3162 4587 celebrare
3184 4533 3377 4606 cmpit.
3403 4514 3545 4601 fdus

1905 4603 2139 4674 quidem
2167 4623 2225 4661 re
2254 4606 2601 4666 Jaldahaoth
2635 4612 2912 4683 oii‘ensus,
2947 4616 3098 4674 infra
3167 4603 3429 4694 despexit
3472 4625 3543 4679 ad

1904 4695 2156 4749 materiai
2187 4697 2599 4770 sedimentum,
2642 4701 2944 4777 ﬁliumque
3005 4712 3344 4782 serpentino
3416 4715 3549 4769 Idea

1899 4785 2122 4856 genuit,
2157 4803 2189 4842 a
2221 4804 2335 4859 quo
2368 4789 2606 4862 decepta
2670 4793 2785 4848 Eva
2837 4800 2943 4851 est.
3005 4799 3250 4856 Proinde
3308 4818 3549 4874 serpen-

1899 4874 2018 4927 tem
2050 4873 2233 4930 Deum
2270 4892 2417 4946 esse,
2450 4878 2905 4954 hominibusque
2927 4884 3073 4957 ipsis
3104 4889 3357 4944 scientiae
3388 4873 3550 4962 prin-

1899 4961 2118 5034 cipium
2152 4965 2332 5024 fuisse
2364 4968 2592 5040 docent,
2623 4973 2793 5044 cujus
2822 4974 2904 5029 rei
2933 4977 3120 5048 gratia
3156 4961 3548 5049 prudentissi-

1899 5067 2033 5107 mus
2065 5053 2331 5110 omnium
2363 5072 2605 5128 serpens
2636 5059 2826 5117 dictus
2853 5061 2950 5131 sit,
2980 5069 3215 5137 prepter
3252 5065 3541 5138 multipli~

1895 5156 1992 5198 ces
2042 5141 2173 5200 illas
2235 5145 2636 5218 volubilesque
2721 5148 3133 5208 intestinorum
3197 5159 3533 5216 nostrorum

1896 5231 2110 5302 spiras,
2142 5233 2357 5303 quibus
2382 5250 2624 5308 corpora
2683 5242 2881 5302 nostra
2941 5243 3338 5301 confarcinata
3377 5253 3541 5306 sunt.

1896 5320 2139 5391 Insuper
2166 5325 2221 5376 et
2276 5328 2607 5396 serpentem
2667 5328 2960 5401 nutriunt,
3019 5340 3070 5387 et
3126 5335 3540 5406 mysteriorum

1894 5425 2137 5464 suorum
2171 5413 2451 5480 tempore,
2487 5415 2974 5485 penibusmensm
3031 5422 3336 5494 appositis,
3365 5425 3537 5484 cista-

1892 5513 2004 5569 que
2045 5503 2268 5570 aperta,
2306 5499 2471 5556 illum
2505 5505 2572 5558 ad
2608 5509 2842 5576 pastum
2867 5507 3135 5566 invitant.
3162 5511 3262 5568 Ille
3321 5514 3538 5573 circum
