4090 6192
460 365 488 423 1
500 362 620 421 263

1774 338 2086 401 NlCE'I‘E
2126 337 2557 398 ΕΗΟΝΙΑΤΑΞ

3712 330 3871 391 1264

463 507 643 565 panes
670 488 982 552 volutatur,
1015 498 1163 554 quos
1182 496 1248 535 ex
1281 475 1600 534 continenti
1644 478 1926 544 tanquam
1958 485 2095 524 san-
2127 474 2184 539 Α
2213 485 2325 524 non
2359 469 2558 523 minus
2587 483 2766 538 quam
2795 480 3071 532 vermem,
3103 469 3258 519 terra
3281 466 3525 518 enatum
3574 462 3875 528 novimus,

462 564 1070 646 ctiﬁcatosl'rangunt,
1102 577 1155 626 et
1191 567 1404 642 populo
1470 565 1872 620 distribuunt:
1929 564 2102 628 atque

463 674 573 728 hoc
597 671 912 741 perfectum
937 661 1290 718 sacrificium
1323 657 1698 713 arbitrantur.
1742 652 1890 706 Tum
1952 647 2108 741 dein-

468 764 538 817 de
585 735 776 814 nescio
827 754 1043 825 quibus
1130 745 1627 804 incantationibus
1691 747 1746 797 et
1796 735 2106 812 praestigiis

468 851 791 906 cicuratum
852 845 1178 914 serpentem
1235 843 1286 892 et
1335 835 1641 891 delinitum
1697 827 2112 885 deosculantur

470 954 674 996 omnes
696 936 754 990 in
786 950 906 998 ore,
939 936 1112 1001 atque
1143 929 1449 983 adorantes
1473 924 1689 995 hymno
1733 919 1959 972 Patrem
1991 929 2113 1001 coe-

473 1029 673 1084 leslcm
710 1000 1138 1080 concelebrant.
1173 1017 1383 1070 Eorum
1420 1029 1588 1084 porro
1623 1005 1888 1064 nonnulli
1947 1000 2113 1056 Chri-

473 1121 629 1173 stum
661 1115 844 1180 aiunt,
877 1126 1009 1166 cum
1045 1108 1304 1177 seipsum
1330 1105 1389 1158 in
1447 1103 1776 1172 serpentem
1835 1091 2116 1148 transfor-

475 1209 712 1269 masset,
771 1199 1014 1270 virginis
1073 1201 1307 1250 uterum
1367 1190 1873 1256 subiissezeoque
1938 1193 2117 1235 sensu

476 1293 673 1349 miseri
699 1268 804 1346 hoc
861 1268 1246 1360 apostolicum
1306 1280 1676 1350 intelligunt:
1734 1273 1846 1346 Qui
1902 1286 2025 1325 cum
2055 1268 2115 1321 in

477 1387 654 1454 [arma
709 1380 813 1434 Dei
850 1385 1004 1440 esset,
1063 1390 1168 1428 non
1225 1375 1306 1426 est
1350 1369 1608 1438 rapinam
1684 1365 2124 1454 arbitratust.”

477 1449 742 1545 aequalem
771 1485 916 1525 essee
951 1473 1076 1534 Deo,
1109 1464 1208 1519 sed
1235 1463 1582 1531 semetipsum
1640 1453 1952 1512 exinanivit
2007 1449 2127 1517 for-

481 1579 629 1618 mam
647 1561 788 1616 servi
813 1557 1090 1627 accipiens
1119 1554 1183 1608 ⁸⁸.
1269 1585 1281 1596 -

773 1689 1048 1740 Haereseos
1120 1675 1477 1751 praecedentisf
1528 1673 1846 1743 confatalia.

559 1816 930 1883 Serpentum,
965 1808 1062 1878 qui
1095 1821 1226 1860 vera
1249 1807 1386 1858 sunt
1416 1801 1745 1872 viperarum
1802 1795 2128 1868 progenies,

490 1904 549 1958 in
583 1916 800 1956 morem
835 1897 1058 1968 Ophites
1092 1891 1534 1965 hipullularunt
1567 1891 1596 1955 εξ
1621 1888 1836 1959 quippe
1869 1884 1966 1956 qui
1999 1884 2123 1940 ani-

493 1990 782 2045 mantium
829 1985 1094 2041 omnium
1159 1981 1410 2036 maxime
1470 1977 1900 2040 detestandum,
1963 1979 2136 2044 atque

494 2095 699 2149 repens
732 2076 924 2130 divino
949 2075 1124 2144 jussu
1160 2087 1336 2142 super
1369 2073 1572 2140 pectus
1603 2073 1658 2122 et
1689 2070 1971 2130 ventrem,
2019 2061 2139 2118 vel-

497 2173 562 2222 ut
592 2164 781 2221 insani
815 2164 1144 2226 adorarent,
1179 2163 1235 2214 et
1301 2157 1672 2212 IIebrazorum
1730 2155 1912 2208 Deum
1941 2151 2140 2206 Jalda-

497 2257 714 2327 baoth(
751 2253 984 2310 nomine
1014 2249 1197 2306 sacris
1254 2248 1549 2318 incognito
1582 2245 1812 2311 litteris)
1858 2243 2136 2309 dicerent,

495 2363 670 2418 quem
702 2346 772 2399 ab
788 2341 1216 2413 antiquioribus
1231 2335 1713 2392 saeculisPronice
1730 2337 1914 2388 matre
1937 2348 2140 2403 proge-

498 2436 685 2490 nitum
718 2432 898 2503 impie
921 2427 1498 2485 fabularentur.Tum
1516 2423 1725 2478 deinde
1738 2426 1954 2492 septem
1990 2419 2140 2474 ﬁlios

489 2523 709 2593 ubipsa
734 2517 1195 2592 progenitos,qui
1215 2514 1469 2570 todidem
1491 2511 1669 2568 ccnlos
1683 2509 2138 2576 construxerint,

483 2613 719 2669 tandem
754 2627 885 2666 vero
919 2608 1212 2663 hominem
1232 2607 1301 2660 ad
1324 2599 2140 2674 patrissuiJaldabaothima-

488 2702 678 2772 ginem
716 2699 1082 2770 protulerint.
1119 2700 1316 2764 Neque
1348 2693 1455 2747 hac
1506 2691 1740 2762 quidem
1799 2689 2138 2744 velitatione

496 2785 1095 2853 contenti,hominem
1139 2797 1374 2853 quoque
1433 2779 1700 2849 reptilem
1763 2778 1963 2841 fuisse,
2014 2791 2140 2830 ver-

496 2877 606 2931 mis
638 2877 698 2931 in
749 2891 966 2930 morem
1018 2875 1324 2927 asserunt:
1375 2873 1695 2938 caeteraque
1749 2865 1970 2931 omnia,
2010 2881 2138 2935 quas

497 2963 782 3037 superiori
816 2962 1075 3018 oratione
1097 2957 1484 3015 exaravimus.
1515 2956 1807 3010 Adversus
1859 2971 1986 3024 quae
2020 2953 2137 3007 haec

498 3072 531 3109 a
591 3053 759 3107 nobis
809 3051 999 3106 allerri
1053 3052 1342 3119 possunt:
1403 3045 1560 3112 Quod
1605 3044 1882 3098 nimirum
1975 3058 2141 3096 sacra

492 3142 789 3212 Scriptura
814 3155 998 3194 unum
1031 3138 1233 3201 Deum,
1266 3135 1662 3190 universitatis
1709 3133 1886 3202 hujus
1939 3130 2138 3186 condi-

2213 557 2490 627 qualitate
2543 556 2764 612 ceteris
2841 553 3162 610 assimilem
3229 551 3663 617 animantibus,
3750 567 3880 620 qua:

2213 645 2366 701 Deus
2390 661 2418 700 e
2450 651 2603 700 terra
2633 645 2829 700 enasci
2861 644 3064 712 voluit,
3096 642 3189 698 cui
3213 642 3332 696 vim
3354 639 3727 712 propagandi
3780 656 3840 693 se
3863 669 3881 678 -

2219 734 2393 789 minis
2422 733 2733 790 inseverat.
2769 733 3115 788 Prudentem
3150 747 3282 787 vero
3315 748 3428 786 non
3473 746 3540 784 eo
3601 735 3875 784 vocatum

2220 823 2491 888 dicimus,
2525 822 2664 893 quia
2690 822 2945 878 humana
2977 822 3162 893 ﬁgura
3220 824 3536 890 menteque
3600 820 3884 888 praeditus

2223 911 2394 973 situt
2420 912 2820 977 homo,verum
2853 911 2990 980 quia
3039 926 3142 966 nos
3170 908 3550 980 supplantare
3597 913 3875 974 conatur,

2225 1001 2512 1057 malorum
2550 1017 2794 1070 memor,
2827 1018 2956 1072 qua;
2980 1004 3107 1055 tum
3143 1016 3455 1071 perpessus
3488 1002 3746 1062 est,cum
3772 1015 3885 1051 su-

2228 1106 2329 1162 per
2367 1095 2568 1162 pectus
2599 1095 2655 1144 et
2677 1094 2938 1144 ventrem
2971 1105 3166 1161 repere
3188 1089 3401 1159 jussus
3441 1092 3555 1150 est,
3596 1087 3886 1141 versatili-

2229 1181 2457 1250 busque
2499 1179 2759 1250 corporis
2826 1179 3031 1250 spiris,
3081 1184 3362 1250 tanquam
3398 1193 3570 1232 muro
3616 1175 3884 1238 ahenea,

2232 1268 2478 1324 illaesum
2499 1274 2675 1340 caput
2703 1272 3011 1324 conservat
3038 1286 3058 1321 :
3078 1269 3229 1338 quod
3259 1284 3374 1322 non
3407 1283 3538 1322 raro
3560 1265 3698 1319 inde
3729 1282 3884 1320 exse-

2233 1359 2328 1423 rit,
2350 1363 2407 1414 et
2439 1362 2724 1428 quantum
2781 1357 2986 1412 habitu
3037 1357 3393 1412 contendere
3463 1361 3675 1426 potest,
3713 1370 3887 1408 vene-

2237 1464 2374 1502 num
2425 1451 2628 1502 contra
2675 1446 2970 1502 hominem
3024 1445 3366 1516 ejaculatur.
3429 1445 3650 1499 Adhaec
3722 1444 3892 1498 facile

2237 1537 2413 1592 certis
2449 1553 2736 1592 annorum
2792 1537 3068 1608 periodis,
3129 1535 3486 1590 foraminum
3548 1534 3894 1598 attritu,le-

2239 1626 2494 1680 beridem
2527 1625 2818 1681 exuit.Per
2839 1623 3118 1681 saeculum
3136 1629 3192 1678 et
3223 1624 3435 1679 saecula
3461 1624 3508 1679 si
3569 1625 3706 1694 quis
3755 1641 3897 1677 con-

2238 1714 2470 1769 tinuum
2502 1730 2702 1769 eorum
2736 1731 2865 1785 quae
2896 1719 3036 1769 sunt
3079 1717 3303 1768 motum
3356 1713 3670 1783 intelligat,
3719 1728 3899 1784 quem

2246 1817 2432 1873 neque
2465 1820 2574 1857 nox
2608 1819 2792 1873 neque
2824 1804 2944 1858 dies
2976 1803 3338 1871 dimetiatur,
3373 1818 3610 1872 prorsus
3651 1802 3705 1856 ei
3752 1801 3898 1854 sub-

2247 1893 2595 1947 scribemus.
2649 1892 3153 1956 Quemadmodum
3222 1896 3278 1947 et
3362 1891 3490 1960 quis
3538 1907 3744 1955 zonas,
3799 1907 3900 1960 pro

2249 1997 2498 2050 quarum
2526 1982 2639 2036 situ
2694 1982 2948 2036 errantia
2979 1981 3170 2035 sidera
3215 1980 3483 2036 inferiore
3523 1981 3656 2034 fixis
3696 1980 3902 2034 ordine

2247 2071 2530 2142 disposita
2559 2076 2719 2142 sunt,
2742 2072 2976 2127 abusive
3007 2071 3284 2127 cmlorum
3305 2072 3573 2130 Inomine
3630 2073 3905 2142 designet

2249 2161 2336 2217 vel
2385 2161 2562 2217 etiam
2629 2162 2848 2237 zodiaci
2889 2161 3114 2230 circuli,
3187 2178 3364 2233 quem
3412 2177 3590 2217 curru
3653 2178 3762 2216 suo
3817 2162 3907 2216 sol

2250 2249 2718 2305 circumvehitur.
2749 2251 2914 2315 Quod
2945 2252 2994 2306 si
3024 2251 3162 2322 quid
3194 2256 3469 2322 praeterea
3496 2250 3911 2320 obloquuntur

2250 2337 2525 2408 heretici,
2549 2345 2607 2394 et
2642 2339 2850 2395 saecula
2888 2339 2957 2395 iis
3003 2357 3131 2410 quas
3187 2344 3324 2394 sunt
3370 2339 3566 2410 priora
3614 2339 3913 2410 antiquio-

2251 2443 2429 2496 raque
2456 2426 2812 2493 existiment,
2847 2442 2942 2482 eos
2977 2443 3092 2482 una
3122 2443 3248 2481 cum
3277 2427 3403 2482 suis
3433 2425 3670 2481 saeculis
3709 2424 3908 2496 explo-

2250 2515 2471 2572 dendos
2505 2532 2836 2572 censemus.
2867 2517 3078 2572 Omnia
3107 2519 3260 2572 enim
3297 2517 3558 2571 visibilia
3598 2521 3660 2570 et
3713 2515 3912 2570 invisi-

2251 2604 2388 2659 bilia
2418 2622 2451 2660 a
2498 2622 2694 2660 rerum
2744 2606 3010 2662 omnium
3057 2606 3356 2662 conditore
3442 2605 3558 2661 Deo
3607 2615 3792 2676 atque
3838 2606 3906 2658 ab

2254 2694 2551 2764 unigenito
2630 2695 2832 2763 Verbo,
2885 2696 3216 2766 Spirituque
3258 2695 3631 2750 sanctissimo
3716 2699 3910 2750 creata

2249 2799 2378 2839 esse
2409 2783 2726 2838 didicimus
2763 2800 2776 2837 :
2807 2784 2972 2840 Verbo
3013 2788 3167 2840 enim
3221 2783 3544 2850 Domini,ut
3577 2783 3907 2855 philopsat-

2252 2887 2383 2926 mus
2417 2871 2512 2927 ille
2544 2871 2792 2926 Davides
2823 2877 3028 2927 auctor
3058 2878 3166 2942 est,
3215 2875 3337 2928 creti
3392 2872 3604 2940 ﬁrmati
3659 2879 3818 2935 sunt,
3863 2882 3909 2925 et

2248 2959 2454 3030 spiritu
2476 2977 2588 3016 oris
2619 2962 2735 3029 eius
2764 2963 2944 3018 omnis
2973 2963 3145 3017 virtus
3193 2978 3378 3016 eorum
3431 2964 3496 3016 “.
3544 2967 3700 3015 Ante
3755 2963 3909 3015 hunc

2251 3055 2454 3105 autem
2487 3050 2681 3118 Moses.
2711 3051 2835 3123 ipse
2895 3051 3313 3122 prophetarum
3369 3050 3907 3106 excellenli~simus

2252 3156 2378 3208 nos,
2411 3138 2649 3209 ccelum,
2680 3145 2918 3208 terram,
2969 3149 3023 3196 et
3070 3148 3276 3197 caetera
3335 3141 3626 3197 elementa
3675 3142 3752 3195 ab
3815 3140 3908 3193 illo

488 3239 671 3286 torem
731 3230 926 3294 tradit,
977 3244 1228 3297 eumque
1279 3225 1421 3281 adeo
1481 3228 1772 3279 carentem
1828 3221 2133 3292 principio,
2168 3223 2211 3289 ί]
2251 3226 2400 3282 facta
2456 3243 2584 3282 esse
2636 3228 2823 3295 docet,
2859 3229 2960 3299 qui
3016 3227 3204 3284 lucem
3266 3230 3322 3284 in
3365 3245 3561 3284 rerum
3625 3234 3892 3283 naturam

481 3321 640 3375 haud
674 3319 958 3391 genitum,
1001 3323 1058 3372 et
1080 3317 1177 3387 qui
1211 3333 1328 3371 una
1403 3330 1536 3370 cum
1595 3313 1898 3385 unigenito
1969 3310 2133 3378 Filio,

481 3407 820 3478 Spirituque
875 3411 1098 3470 sancto,
1159 3406 1367 3460 saecula
1427 3403 1798 3474 produxerat,
1853 3416 2035 3472 eaque
2068 3400 2138 3455 de

481 3513 655 3554 causa
687 3512 821 3550 cum
856 3495 1064 3550 iisdem
1099 3492 1472 3564 glorificetur.
1525 3491 1805 3547 Prouicen
1837 3507 1970 3544 vero
2023 3507 2139 3544 una

479 3602 612 3642 cum
638 3589 876 3656 septem
901 3583 1059 3648 ﬁliis,
1095 3588 1374 3652 tanquam
1403 3599 1591 3636 meras
1638 3596 1844 3651 nugas,
1904 3579 1973 3632 ad
2007 3594 2139 3633 cor-

475 3694 575 3732 vos
611 3675 987 3746 relegamus:
1020 3673 1522 3745 quemadmodum
1583 3671 1780 3735 etiam,
1841 3669 1995 3738 quod
2032 3667 2142 3722 ho-

481 3766 702 3821 minem
730 3765 918 3836 primo
951 3780 1207 3818 vermem
1245 3763 1595 3834 productum
1649 3759 1830 3812 fuisse
1883 3757 2089 3812 dicunt
2120 3773 2133 3811 :

485 3854 690 3909 deinde
720 3854 979 3908 animam
1015 3851 1308 3923 accepisse
1340 3868 1372 3903 a
1414 3849 1674 3911 Pronice,
1717 3863 1893 3917 quam
1939 3846 2140 3901 Jalda-

485 3944 957 3999 baothimatrcm
1001 3941 1365 4010 confingunt.
1427 3937 1726 4004 Deienim,
1781 3935 1880 4006 qui
1936 3943 2138 3989 estsu-

486 4047 590 4104 per
620 4033 839 4095 omnia,
875 4048 1055 4085 manu
1088 4032 1462 4084 constructus
1491 4034 1545 4079 et
1605 4026 1892 4089 firmatus,
1954 4025 2138 4079 haud-

495 4139 788 4194 quaquam
811 4121 1101 4192 serpentis
1144 4120 1392 4174 formam
1455 4117 1696 4188 accepit,
1759 4116 1853 4169 sed
1907 4115 2138 4186 qualem

493 4211 1013 4282 noshabemusqui
1046 4207 1300 4264 cumillo
1368 4208 1566 4261 formae
1617 4212 1672 4260 et
1720 4210 1942 4260 natura:
1980 4206 2141 4274 ejus-

492 4301 624 4356 dem
661 4301 973 4372 participes
993 4315 1201 4355 sumus
1229 4314 1241 4352 :
1267 4313 1518 4367 cumque
1532 4296 1805 4366 spiritum
1832 4295 2141 4362 viventem,

489 4407 665 4462 quem
699 4409 804 4448 nos
833 4394 1094 4446 animam
1127 4387 1428 4445 intellectu
1462 4388 1802 4456 rationeque
1836 4385 2136 4456 praeditam

489 4481 844 4544 dicimus,ab
899 4480 998 4536 illo
1061 4479 1405 4550 accepisset,
1466 4476 1779 4548 imperium
1836 4475 1918 4529 illi
1959 4476 2016 4530 in
2051 4489 2142 4529 res

487 4575 750 4625 terrenas
781 4570 984 4625 datum
1018 4574 1123 4624 est.
1158 4565 1344 4622 Simul
1403 4571 1577 4637 atque
1607 4581 1737 4620 vero
1775 4564 1990 4619 diaboli
2053 4563 2139 4618 in-
2171 4587 2218 4651 Β

491 4660 669 4726 vidia,
731 4658 1112 4729 mulierisque
1166 4658 1368 4712 fraude
1445 4656 1803 4725 prohibitum
1886 4657 2140 4710 fructum

493 4748 762 4818 contigit,
796 4747 1068 4818 paradiso
1097 4746 1440 4802 exturbatus
1463 4753 1572 4800 est.

563 4841 742 4892 Porro
775 4834 1041 4904 σκώληκα
1102 4850 1206 4891 seu
1257 4849 1510 4890 vermem
1559 4833 1782 4889 scimus
1813 4833 2137 4889 animalcu-

498 4927 620 4984 lum
653 4943 801 4996 esse,
835 4925 990 4998 quod
1025 4942 1094 4981 ex
1124 4924 1300 4996 lignis
1334 4923 1766 4994 putrefactis,ut
1821 4922 2138 4994 plurimum

495 5025 687 5073 autem
723 5033 790 5071 ex
821 5031 985 5071 coeno
1016 5014 1334 5070 enascitur.
1359 5013 1634 5077 Quamvis
1663 5012 1818 5066 enim
1853 5029 1954 5084 per
2007 5029 2136 5082 pro-

493 5105 728 5178 phetam
779 5103 1060 5160 Dominus
1117 5104 1292 5170 dicat,
1336 5103 1462 5157 Noli
1509 5103 1723 5169 timere,
1789 5103 1991 5156 vermis
2032 5104 2136 5156 Ja-

492 5201 586 5251 σοὺ
608 5195 675 5262 ⁴⁴,
706 5211 818 5251 non
851 5211 916 5249 eo
939 5198 1133 5250 tamen
1182 5191 1449 5248 vaticinio
1471 5192 1672 5247 videns
1729 5207 1874 5246 usus
1930 5195 2040 5254 est,
2076 5195 2139 5245 ut

490 5287 779 5340 Adamum
813 5283 1155 5354 hujusmodi
1203 5283 1382 5336 forma
1443 5281 1513 5336 ab
1574 5280 1741 5336 initio
1781 5285 1882 5335 aut
1939 5285 2136 5350 postea

492 5375 797 5441 praeditum
845 5373 1046 5439 fuisse,
1099 5373 1214 5427 imo
1287 5387 1444 5439 vero,
1506 5373 1566 5425 ut
1629 5369 2020 5424 humilitatem
2082 5374 2138 5422 et

491 5460 874 5527 abjectionem
907 5459 1079 5515 Verbi
1114 5459 1492 5528 significaret.
1528 5457 1868 5529 Serpentem
1905 5473 2136 5528 quoque

561 5582 606 5615 ιε
638 5581 890 5653 Philipp.
923 5600 986 5649 ιι,

491 5652 536 5684 ⁴⁸
572 5651 820 5705 Baruch.
836 5651 939 5720 in,
968 5657 1057 5707 33.

1152 5585 1198 5617 “
1230 5583 1336 5638 Isa.
1372 5599 1483 5648 xu,
1520 5583 1603 5637 14.

1679 5582 1744 5624 δι’
1781 5581 1930 5637 Psal.
1960 5599 2136 5650 χχχιι,
2163 5584 2218 5638 6.

1135 5653 1179 5686 ‘9
1205 5657 1348 5710 Gen.
1382 5669 1497 5724 xiv,
1532 5654 1617 5708 19.
1694 5652 1742 5687 ⁵ο
1779 5652 1923 5709 Gen.
1957 5670 2109 5723 xxxv,
2140 5657 2195 5712 2.

2247 3315 2612 3386 produxerit,
2645 3316 2745 3387 qui
2768 3316 2976 3372 cmlum
3003 3317 3315 3385 sideribus,
3355 3322 3573 3373 terram
3629 3318 3892 3380 saltibus,

2249 3404 2454 3474 pratis,
2487 3411 2540 3459 et
2563 3405 2856 3476 segetibus
2915 3407 3224 3474 ornaverit,
3284 3407 3440 3462 varia
3498 3408 3892 3462 animantium

2246 3508 2454 3562 genera
2497 3493 2948 3566 deprompserit,
3015 3511 3206 3552 aerem
3246 3496 3605 3566 volucribus,
3669 3497 3895 3569 [aquam

2249 3581 2532 3651 piscibus,
2566 3585 3084 3654 terramjumentis
3103 3590 3161 3641 et
3191 3586 3331 3641 feris
3359 3586 3754 3642 habitandam
3805 3602 3902 3640 ex-

2249 3672 2512 3742 posuerit
2543 3688 2554 3726 :
2583 3674 2681 3744 qui
2706 3674 2958 3745 denique
2991 3679 3257 3730 naturam
3308 3675 3635 3732 humanam
3694 3678 3910 3732 forma-

2248 3760 2411 3816 verit.
2448 3761 2673 3826 Quibus
2704 3762 3060 3834 astipulatur
3113 3764 3293 3820 Isaias
3326 3764 3420 3820 his
3487 3765 3688 3820 verbis
3723 3782 3736 3817 :
3793 3766 3906 3832 Qui

2245 3853 2378 3922 fecit
2409 3853 2601 3907 caelum
2629 3857 2682 3908 et
2709 3855 2956 3923 ﬁrmavit
2988 3855 3150 3921 illud,
3199 3859 3293 3926 qui
3350 3855 3497 3911 dedit
3549 3857 3905 3923 spiraculum

2242 3943 2442 4012 populo
2473 3942 2827 3998 inhabitanti
2853 3949 3138 4012 terram,et
3167 3945 3428 4016 spiritum
3478 3947 3911 4001 ambulantibus

2250 4036 2309 4084 in
2341 4048 2405 4085 ea
2438 4030 2502 4086 ⁴⁸.
2539 4036 2681 4088 Item
2707 4049 2719 4087 :
2745 4034 2852 4102 Qui
2878 4037 3079 4090 statuit
3108 4037 3302 4091 caelum
3334 4036 3477 4092 sicut
3529 4038 3826 4108 fornicem,
3861 4042 3915 4093 et

2249 4119 2500 4174 extendit
2531 4120 2674 4174 illud
2701 4125 2842 4176 sicut
2876 4124 3293 4179 tabernaculum
3323 4124 3530 4196 ‘5.Ipse
3557 4142 3734 4195 porro
3762 4129 3916 4181 Deus

2250 4224 2352 4278 per
2407 4210 2678 4264 eumdem
2727 4211 3072 4283 prophetam
3126 4214 3209 4268 sic
3240 4215 3371 4268 ait:
3421 4214 3661 4269 Extendi
3707 4225 3914 4269 catum

2250 4297 2397 4352 solus
2426 4295 2492 4352 ‘7.
2524 4299 2810 4354 Jeremias
2843 4316 3076 4372 quoque
3107 4301 3263 4356 hunc
3297 4303 3354 4356 in
3415 4304 3662 4359 modum
3728 4306 3916 4360 excla-

2253 4393 2369 4440 mat
2407 4402 2420 4439 :
2451 4387 2559 4454 Qui
2574 4387 2749 4444 mittit
2781 4389 2960 4445 lucem
2989 4399 3039 4446 et
3067 4392 3460 4462 proﬁciscitur,
3505 4397 3728 4448 vocavit
3769 4411 3916 4458 eam,

2252 4478 2300 4529 et
2324 4475 2514 4546 paruit
2539 4479 2590 4530 ei
2621 4493 2745 4532 cum
2777 4479 2974 4534 timore
3000 4479 3064 4533 ⁸⁸.
3127 4479 3255 4551 Ipse
3309 4497 3547 4552 quoque
3606 4481 3921 4537 Melchise-

2257 4565 2458 4634 decus,
2491 4565 2587 4632 qui
2622 4567 2768 4636 legis
2795 4570 3054 4639 tempora
3099 4569 3411 4639 praecessit,
3470 4585 3606 4624 eum
3671 4570 3921 4625 benedi-

2253 4661 2403 4708 ceret
2451 4653 2802 4722 Abrahamo,
2861 4655 2957 4711 his
3011 4656 3202 4712 verbis
3261 4673 3405 4713 usus
3483 4673 3616 4713 esse
3683 4660 3920 4714 fertur:

2250 4743 2931 4800 BenedictusAbrahamus
2962 4747 3072 4802 Deo
3100 4749 3337 4814 excelso,
3397 4749 3499 4818 gui
3551 4749 3770 4803 creavit
3820 4766 3924 4804 εει

2249 4831 2362 4886 lum
2393 4835 2443 4887 et
2457 4840 2668 4886 terram
2697 4831 2766 4888 ⁴⁹.

2317 4924 2508 4990 Atque
2537 4921 2905 4979 Abrahamus
2936 4923 3083 4995 ipse,
3115 4941 3248 4981 cum
3301 4924 3591 4980 famulum
3645 4927 3723 4982 ad
3800 4928 3914 4982 Be-

2253 5009 2440 5064 beccae
2492 5011 2725 5082 nuptias
2781 5012 3088 5068 emitteret.
3166 5014 3334 5083 Pone,
3393 5015 3604 5086 inquit,
3672 5033 3909 5071 manum

2250 5106 2404 5153 tuam
2431 5098 2621 5154 subter
2639 5101 2826 5170 femur
2854 5118 3058 5168 meum,
3089 5113 3148 5158 ut
3177 5103 3431 5168 adiurem
3460 5109 3512 5158 te
3559 5120 3663 5175 per
3717 5107 3915 5160 Domi-

2245 5205 2381 5242 num
2413 5190 2730 5244 Deumcwli
2755 5199 2805 5245 et
2845 5199 3012 5248 terra?
3040 5192 3107 5248 ⁵ο.
3155 5193 3396 5264 Insuper
3437 5194 3626 5248 Jobus
3692 5196 3792 5249 ille
3849 5202 3930 5248 tot

2246 5278 2557 5348 generibus
2601 5280 2985 5336 certaminum
3045 5283 3413 5346 exercitatus,
3473 5282 3579 5350 Qui
3630 5285 3919 5351 exteris-iit,

2244 5367 2462 5437 inquit,
2495 5366 2655 5422 caelos
2687 5368 2854 5435 solus,
2887 5371 2984 5440 qui
3036 5370 3293 5440 graditur
3337 5386 3503 5442 super
3542 5373 3748 5440 ﬂuctus
3788 5392 3910 5426 ma-

2244 5458 2323 5510 ris
2354 5457 2397 5491 ⁸¹
2431 5455 2608 5526 [sicut
2637 5472 2813 5528 super
2839 5459 3278 5530 pavimentum].

2296 5582 2478 5656 “_Is_a.
2515 5597 2649 5656 xm,
2679 5583 2733 5637 5.
2817 5583 2857 5617 ‘7
2901 5587 3014 5639 Isa.
3071 5602 3156 5656 ιι,
3204 5586 3298 5642 22.

3375 5587 3417 5620 ⁸⁷
3469 5585 3582 5642 Isa.
3636 5604 3794 5654 κων,
3849 5590 3912 5641 2i

2273 5653 2318 5690 5‘
2344 5653 2478 5710 Job.
2511 5668 2590 5721 ix,
2620 5653 2676 5708 8.
