4090 6192
240 406 395 467 1265

1575 405 1974 467 THESAURI
2016 405 2168 467 LIB.
2228 407 2327 467 Ιν.

3499 419 3656 479 1266

312 540 381 596 Ut
425 541 619 595 autem
661 541 839 595 Vetus
888 540 1318 596 Testamentum
1365 557 1495 597 cum
1553 540 1708 596 Novo
1738 555 1886 596 con-
1920 541 1972 605 Α
2002 547 2126 594 est:
2155 539 2609 611 prudentiorque
2649 544 2774 611 post
2829 541 3164 610 consilium,
3227 554 3288 601 ut
3320 548 3399 602 ita
3438 548 3644 621 dicam,

238 630 473 699 sentire,
531 632 590 683 et
636 629 842 684 eadem
896 644 1030 684 cum
1100 628 1198 685 illo
1258 630 1445 697 eﬁ‘ari,
1513 633 1690 700 atque
1753 630 1896 684 adeo

240 719 546 789 utriusque
579 716 802 774 rivulos
832 733 901 773 ex
921 717 1127 773 eodem
1161 719 1318 775 fonte
1358 719 1637 776 scaturire
1666 716 1892 791 perspi-

238 824 415 864 cuum
476 812 613 874 stat,
673 806 984 862 audiamus
1042 806 1329 864 Joannem
1387 809 1632 865 tonitrus
1680 807 1891 874 ﬁlium,

235 897 333 968 qui
365 897 565 952 omnia
595 896 780 952 Verbo
812 895 982 965 tacta,
1027 913 1131 953 nec
1188 913 1390 953 eorum
1447 914 1578 969 qua:
1608 897 1719 953 sub
1754 912 1889 952 sen-

236 1004 372 1043 sum
406 987 645 1055 cadunt,
686 993 739 1041 et
769 1002 897 1056 quis
930 984 1226 1043 intellectu
1262 986 1689 1059 percipiuntur,
1720 986 1890 1057 quid-

238 1093 414 1148 quam
448 1076 574 1131 sine
604 1091 671 1130 eo
713 1075 1062 1147 productum
1097 1076 1331 1132 asserit.
1386 1081 1551 1145 Nam,
1580 1076 1715 1132 Sine
1744 1079 1887 1147 ipso,

234 1170 454 1241 inquit,
487 1171 701 1240 factum
728 1173 808 1223 est
836 1166 989 1223 nihil
1018 1167 1160 1239 quod
1188 1171 1401 1239 factum
1432 1171 1508 1224 est
1539 1168 1609 1224 ⁵⁵.

309 1258 637 1313 Audiamus
667 1265 720 1313 et
750 1255 999 1313 Paulum
1039 1257 1459 1313 exclamantem
1487 1272 1500 1312 :
1550 1257 1611 1311 In
1640 1273 1699 1313 ea
1738 1258 1891 1324 facta

231 1362 344 1402 esse
372 1346 583 1413 omnia,
608 1362 704 1401 seu
736 1346 985 1400 visibitia
1014 1346 1148 1402 sint.
1171 1361 1269 1400 seu
1288 1345 1599 1402 invisibilia
1630 1346 1692 1399 ⁵³.
1729 1344 1886 1400 Idem

232 1436 395 1491 alibi.
430 1443 534 1492 Per
560 1452 683 1491 eum
729 1437 897 1491 Pater
946 1437 1079 1505 fecit
1125 1436 1353 1493 saecula.
1414 1436 1572 1491 Idem
1636 1451 1769 1491 cum
1830 1435 1888 1489 in

229 1529 529 1597 Areopago
580 1524 921 1581 concionem
978 1524 1235 1591 haberet,
1298 1524 1455 1580 hunc
1520 1523 1582 1579 in
1650 1524 1886 1579 modum

226 1613 460 1669 locutus
505 1621 629 1667 est:
682 1616 852 1678 Deus,
909 1628 1006 1684 qui
1047 1612 1178 1683 fecit
1245 1612 1532 1681 mundum,
1593 1616 1646 1667 et
1701 1612 1887 1667 omnia

223 1720 343 1775 qua:
376 1705 433 1757 in
460 1719 519 1757 co
550 1710 705 1769 sunt,
731 1704 846 1774 ipse
875 1702 1034 1757 dedit
1074 1703 1327 1757 omnibus
1360 1705 1527 1756 vitam
1554 1704 1603 1756 ei
1636 1701 1883 1763 inspira-

228 1792 457 1856 tioncm,
493 1794 544 1846 et
574 1793 759 1846 omnia
780 1809 799 1845 :
830 1792 1069 1862 fecitque
1115 1806 1187 1846 ea:
1216 1806 1323 1846 uno
1382 1792 1663 1861 sanguine
1711 1807 1884 1861 genus

1999 628 2192 683 evasit.
2223 629 2407 701 Atque
2438 630 2623 700 reipsa
2670 630 2892 701 didicit,
2947 633 3291 704 obsequium
3345 638 3647 695 rebellioni

1997 716 2135 787 quid
2170 724 2418 788 praestat.
2470 721 2660 785 Quare
2718 737 2959 790 serpens
2996 724 3246 781 scientiae
3307 728 3476 785 dator
3529 746 3644 785 non

1997 811 2142 876 erat,
2174 809 2272 863 sed
2306 809 2479 865 arbor
2520 810 2778 867 scientiae
2815 812 2951 868 boni
2984 818 3039 869 et
3091 815 3229 871 mali
3265 820 3645 890 nuncupaba-

1997 903 2111 951 tur.
2142 896 2372 967 Siquid
2399 906 2587 954 autem
2639 902 3059 958 contrariorum
3112 906 3439 975 cognitione
3496 926 3640 979 pras-

1994 986 2181 1042 ditum
2214 987 2307 1053 sit,
2342 1004 2458 1043 non
2488 988 2683 1045 statim
2716 990 2961 1061 dignum
3009 1000 3114 1063 est,
3148 996 3302 1065 quod
3336 998 3641 1055 contrariis

1994 1079 2395 1131 accenseatur.
2432 1078 2647 1133 Eadem
2680 1078 2835 1133 enim
2875 1080 3097 1137 ratione
3155 1082 3338 1154 legem
3389 1095 3642 1142 contem-

1994 1165 2244 1220 nendam
2274 1165 2699 1235 judicabimus,
2732 1186 2858 1239 quas
2904 1172 3196 1226 contraria
3242 1173 3551 1241 discernat,
3582 1180 3641 1232 et

1993 1252 2233 1310 alternis
2295 1262 2534 1326 utraque
2592 1259 2898 1326 expendat.
2961 1260 3083 1315 Imo
3161 1278 3295 1317 vero
3351 1264 3637 1320 Adamum

1993 1343 2241 1413 oportuit
2278 1344 2573 1399 observato
2607 1354 2887 1417 praecepto
2939 1349 3006 1401 ad
3045 1355 3225 1405 Deum
3281 1351 3635 1423 quibusdam

1993 1433 2156 1502 quasi
2189 1434 2470 1504 gradibus
2502 1435 2837 1505 ascendere,
2870 1444 2924 1493 et
2951 1438 3128 1493 veluti
3160 1441 3409 1510 quadam
3451 1459 3480 1498 e
3511 1460 3637 1514 spe-

1991 1521 2124 1576 cula
2159 1521 2383 1578 arboris
2435 1523 2691 1579 scientiae
2748 1525 2863 1579 vim
2916 1528 3336 1598 comtemplari,
3399 1537 3637 1603 tumque

1988 1611 2218 1665 demum
2262 1611 2385 1680 ejus
2414 1614 2780 1681 perceptione
2813 1630 2869 1669 se
2892 1614 3113 1680 eiferre,
3147 1633 3281 1671 cum
3316 1636 3415 1687 per
3460 1626 3636 1677 Deum

1987 1697 2266 1765 licuisset,
2320 1699 2726 1770 perceptioque
2758 1702 2881 1771 ipsa
2919 1705 3129 1758 damno
3170 1706 3473 1774 caruisset,
3528 1723 3634 1762 nec

1986 1786 2056 1842 ad
2109 1786 2448 1841 deteriorem
2500 1792 2723 1859 partem
2768 1789 3127 1847 inclinasset.
3165 1797 3380 1848 Contra
3417 1802 3628 1863 autem,

227 1898 385 1937 omne
414 1880 700 1937 hominum
732 1881 1054 1936 inhabitare
1102 1897 1268 1950 super
1323 1882 1632 1936 uniuersam
1678 1882 1880 1952 faciem
1909 1893 1958 1958 Β
1989 1893 2121 1932 cum
2150 1884 2431 1946 praecepta
2453 1877 2511 1932 in
2538 1877 2803 1932 omnium
2830 1879 3014 1935 oculis
3038 1885 3435 1955 transgressus
3459 1890 3635 1951 esset,

227 1979 387 2027 terrae
406 1970 473 2025 5‘.
508 1973 672 2037 Item,
703 1971 842 2026 Fide
883 1968 1250 2041 intelligimus
1297 1974 1485 2041 aptata
1514 1985 1629 2025 esse
1672 1971 1877 2026 saecula

233 2062 398 2117 Verbo
426 2062 526 2116 Dei
553 2059 623 2114 ⁵⁵.

298 2151 486 2221 Atque
519 2148 644 2203 haec
676 2148 912 2219 quidem
944 2149 1016 2204 de
1039 2148 1197 2204 ccelis
1246 2155 1300 2204 et
1340 2147 1592 2204 saeculis.
1631 2150 1791 2213 Quod
1823 2150 1874 2204 si

220 2238 351 2309 quis
381 2236 612 2293 tertium
650 2236 810 2292 Pauli
864 2236 1074 2292 coelum
1128 2238 1187 2293 in
1238 2237 1499 2292 medium
1559 2236 1784 2303 afferat,
1819 2236 1870 2292 is

219 2343 353 2383 vero
385 2327 527 2382 sciat
559 2326 796 2381 unicum
830 2326 1059 2397 proprie
1107 2343 1140 2381 a
1188 2342 1356 2381 sacra
1408 2326 1709 2397 Scriptura
1754 2341 1871 2380 cce-

216 2415 342 2472 lum
377 2416 636 2487 agnosci,
670 2414 920 2486 reliquos
946 2418 1142 2470 autem
1181 2415 1328 2471 duos
1378 2414 1693 2488 improprie
1742 2413 1867 2470 coeli

219 2506 458 2561 nomine
503 2504 822 2576 designari.
865 2503 1057 2559 Unum
1103 2504 1342 2575 quidem
1406 2506 1555 2575 quod
1610 2506 1869 2561 secundo

216 2596 312 2651 die
367 2594 605 2661 factum,
668 2594 898 2665 proprie
955 2593 1391 2649 ﬁrmamentum
1444 2593 1667 2649 dictum
1738 2597 1868 2652 est:

235 2684 473 2740 abusive
530 2687 725 2739 autem
781 2681 982 2739 omium
1014 2699 1028 2737 :
1057 2682 1273 2738 Vocavit
1317 2681 1492 2748 enim,
1538 2681 1726 2754 inquit
1770 2684 1868 2754 ﬁr-

228 2780 569 2829 mamentum
594 2773 790 2827 (telum
819 2771 886 2826 ⁵⁸.
956 2772 1258 2843 Siquidem
1310 2771 1417 2826 hoc
1448 2771 1742 2827 diversum
1781 2780 1869 2828 est

227 2862 302 2918 ab
335 2877 425 2930 eo,
458 2862 607 2933 quod
642 2861 832 2933 primo
863 2861 958 2916 die
980 2865 1240 2916 creatum
1272 2863 1382 2925 est,
1406 2860 1582 2931 idque
1607 2860 1866 2916 nominis

215 2951 516 3018 sortitum,
543 2950 658 3006 sive
688 2950 826 3022 quia
874 2954 963 3006 est
989 2950 1158 3022 aquis
1190 2956 1581 3020 compactum,
1615 2957 1669 3005 et
1700 2949 1869 3006 idcir-

212 3055 285 3096 co
318 3040 747 3095 ﬁrmamentum
771 3038 1013 3105 dictum,
1059 3040 1175 3094 sive
1197 3040 1270 3094 ad
1306 3055 1616 3111 corporum
1656 3038 1864 3095 distin-

207 3128 494 3197 ctionem,
526 3145 652 3199 qua:
680 3128 945 3198 superius
994 3136 1047 3183 et
1104 3128 1349 3184 inferius
1388 3127 1662 3197 contigua
1705 3134 1863 3196 sunt,

210 3234 341 3288 quae
374 3216 608 3287 quidem
628 3232 761 3271 cum
792 3216 992 3272 tenuia
1021 3219 1078 3271 et
1109 3215 1396 3313 pellucida
1415 3216 1555 3313 sint:
1580 3215 1690 3271 hoc
1721 3216 1860 3287 quia
1891 3246 1934 3313 α

208 3320 481 3360 crassum
513 3311 597 3359 est
627 3320 991 3376 corporeum,
1035 3303 1319 3377 στερέωμα
1366 3320 1469 3360 seu
1516 3304 1855 3360 ﬁrmamen-

211 3399 339 3447 tum
374 3391 588 3447 dictum
622 3396 743 3448 est:
793 3391 1008 3465 στερεὸν
1039 3393 1195 3447 enim
1246 3408 1278 3447 a
1306 3394 1613 3463 geometris
1646 3409 1859 3463 corpus

207 3480 327 3535 dici
353 3480 517 3548 solet,
572 3482 855 3553 quoniam
887 3486 1006 3537 tres
1054 3481 1111 3535 in
1159 3485 1353 3553 partes
1399 3480 1710 3548 diducitur,
1755 3497 1860 3538 nec

207 3569 389 3626 tactui
422 3571 598 3639 cedit,
630 3578 727 3627 aut
757 3570 1109 3641 obsequitur.
1143 3570 1640 3636 Quemadmodum
1666 3576 1859 3626 autem

206 3660 653 3715 firmamentum
698 3660 807 3716 hoc
863 3661 1012 3730 quod
1064 3660 1238 3731 primi
1273 3658 1402 3715 coeli
1445 3659 1627 3715 vicem
1673 3658 1858 3715 adim-

206 3748 352 3820 plet,
386 3748 511 3803 coeli
542 3765 756 3805 nomen
775 3750 1048 3821 adeptum
1070 3753 1180 3816 est,
1211 3748 1294 3804 ita
1324 3748 1499 3804 etiam
1531 3748 1858 3820 proximum

204 3835 298 3892 illi
352 3837 732 3905 elementum,
782 3854 901 3906 aer,
970 3838 1111 3909 quia
1176 3837 1485 3908 contiguus
1551 3838 1720 3893 nobis
1748 3840 1859 3905 est,

203 3941 465 3997 eumque
497 3924 684 3996 primo
710 3926 1095 3998 suspicientes
1126 3925 1446 3993 intuemur,
1480 3927 1700 3997 majore
1721 3942 1859 3982 cum

202 4014 396 4070 abusu
423 4014 636 4071 ccelum
661 4015 895 4073 dicitur.
924 4015 1043 4071 Erit
1074 4015 1248 4082 enim,
1302 4016 1498 4087 inquit
1542 4015 1859 4085 Scriptura,

200 4101 403 4157 caelum
452 4104 594 4175 quod
641 4121 812 4176 supra
848 4120 938 4161 vos
999 4115 1097 4175 est,
1137 4119 1362 4160 aereum
1417 4102 1483 4157 ⁵⁷.
1524 4103 1591 4158 Et
1653 4102 1858 4171 David,

205 4192 475 4248 Volneret:
486 4193 1155 4265 cretis'Maximusigitur
1174 4191 1386 4248 Paulus
1398 4207 1584 4247 aerem
1600 4198 1653 4247 et
1665 4191 1861 4247 ﬁrma-

206 4285 476 4337 mentum
497 4288 908 4354 preetervectus
936 4285 998 4338 in
1036 4282 1165 4354 ipso
1197 4282 1387 4353 primo
1420 4284 1477 4335 et
1508 4279 1672 4336 tertio
1694 4280 1861 4348 ccelo,

199 4370 432 4427 ratione
465 4372 685 4432 ordinis
719 4374 1061 4430 interiorum
1094 4373 1165 4428 ad
1200 4371 1524 4442 superiora,
1552 4370 1859 4442 requievit.

292 4469 369 4523 Eo
402 4467 562 4532 item,
600 4466 753 4537 quod
807 4464 1034 4520 homini
1096 4480 1130 4519 a
1169 4465 1435 4535 serpente
1473 4461 1862 4528 cognitionem

199 4560 401 4615 datam
461 4572 587 4611 esse
634 4554 852 4621 dicunt,
913 4557 1228 4608 extremam
1288 4552 1645 4623 impietatem
1694 4552 1861 4607 redo-

1988 1985 2093 2024 nec
2112 1968 2409 2038 auspicato
2436 1969 2693 2024 fructum
2728 1971 2954 2027 arboris
2986 1974 3238 2029 scientiae
3270 1975 3403 2031 boni
3437 1983 3490 2031 et
3513 1993 3630 2033 ma-

1984 2056 2025 2112 li
2057 2061 2369 2129 gustasset,
2405 2064 2559 2112 totus
2589 2058 2661 2114 ad
2683 2061 2972 2116 contraria
3003 2063 3274 2131 proclivis
3311 2080 3372 2119 se
3396 2081 3634 2123 conver-

1984 2146 2081 2201 tit:
2136 2162 2241 2201 nec
2285 2145 2468 2201 solum
2510 2162 2542 2201 a
2604 2147 2726 2202 vitae
2775 2148 2980 2204 arbore
3049 2150 3320 2206 exclusus
3366 2157 3475 2217 est,
3527 2155 3627 2209 sed

1974 2235 2113 2306 jure
2154 2234 2326 2289 etiam
2358 2252 2390 2289 a
2428 2235 2864 2292 conversatione
2923 2236 3020 2292 illa
3079 2244 3137 2293 et
3184 2246 3334 2295 statu
3394 2242 3630 2307 excidit,

1983 2323 2198 2394 quibus
2244 2328 2415 2379 antea
2472 2322 2681 2394 dignus
2735 2324 2967 2381 habitus
3017 2326 3223 2382 fuerat.
3295 2329 3452 2385 Dicat
3494 2348 3625 2388 vero

1980 2412 2152 2468 etiam
2181 2412 2474 2484 quispiam
2505 2413 2796 2469 Adamum
2848 2430 2976 2471 sese
3006 2416 3499 2486 speculationibus
3541 2422 3624 2476 al-

1979 2500 2228 2557 tioribus
2247 2516 2426 2572 quam
2471 2517 2574 2571 par
2602 2506 2776 2568 esset,
2808 2502 3121 2574 addixisse,
3159 2522 3403 2579 quaeque
3458 2505 3624 2580 inge-

1979 2589 2060 2644 nii
2114 2590 2208 2645 sui
2271 2589 2647 2660 capacitatem
2715 2591 3089 2647 excederent:
3151 2594 3284 2664 quia
3344 2595 3621 2652 nimirum

1980 2676 2117 2734 boni
2169 2676 2423 2749 malique
2467 2678 2712 2734 scientia
2761 2679 3011 2749 praeditas
3072 2690 3284 2738 essent.
3352 2683 3508 2747 Quod
3562 2684 3624 2741 in

1975 2783 2147 2826 eausa
2175 2766 2365 2835 fuerit,
2405 2774 2462 2822 ut
2502 2785 2534 2822 a
2574 2767 2690 2823 Deo
2749 2769 3067 2839 ejiceretur.
3126 2772 3419 2842 Ejusmodi
3467 2775 3621 2829 enim

1974 2871 2169 2913 eorum
2219 2856 2313 2926 qui
2369 2860 2505 2912 sunt
2560 2857 3073 2927 contemplationes
3120 2859 3313 2916 multis
3361 2863 3622 2932 praecipi-

1975 2946 2067 3000 tiis
2112 2949 2353 3012 scatent,
2405 2943 2723 3016 multosque
2770 2963 2802 3001 a
2857 2963 2990 3003 vera
3030 2949 3099 3003 de
3154 2948 3269 3006 Deo
3318 2952 3617 3006 sententia.

1973 3033 2133 3105 quasi
2161 3032 2382 3090 obtorto
2417 3034 2586 3102 collo,
2620 3041 2971 3091 transversos
3025 3044 3220 3106 agunt,
3253 3039 3616 3108 quemadmo-

1973 3123 2129 3189 dum,
2163 3122 2315 3178 verbi
2349 3122 2550 3192 gratia,
2578 3122 2838 3193 Ophites,
2860 3125 2929 3179 de
2959 3125 3168 3196 quibus
3213 3141 3368 3182 nunc
3396 3127 3620 3197 agimus

1973 3212 2557 3285 philosOpborumque
2604 3217 2861 3270 veterum
2920 3214 3218 3285 plurimos.
3263 3216 3620 3273 Democritus

1971 3300 2125 3357 enim
2155 3315 2357 3370 aquam
2410 3299 2588 3356 Deum
2621 3316 2742 3356 esse
2788 3301 2951 3357 dixit.
3002 3302 3384 3360 Anaximenes
3430 3321 3618 3361 aerem

1968 3388 2316 3460 principium
2372 3389 2625 3459 primum
2682 3398 2736 3445 et
2792 3406 3081 3447 summum
3163 3409 3290 3449 esse
3351 3382 3616 3450 asseruit.

1967 3479 2330 3547 Anaxagoras
2394 3479 2650 3534 idearum
2712 3479 3141 3549 particularium
3198 3483 3617 3554 aequalitatibus

1968 3566 2241 3632 attribuit,
2298 3582 2435 3637 quas
2492 3565 2886 3639 ὁμοιομερείας
2943 3570 3121 3626 Graeci
3171 3577 3393 3628 vocant.
3454 3574 3615 3628 Alius

1970 3655 2113 3712 cmlo
2145 3657 2529 3714 universitatis
2588 3657 2762 3729 hujus
2820 3660 3367 3717 administrationem
3428 3662 3614 3717 ascri-

1969 3749 2099 3819 psit.
2135 3748 2247 3803 Alii
2278 3749 2523 3820 denique
2552 3765 2684 3805 eum
2712 3749 2823 3806 alio
2874 3751 3042 3806 modo
3073 3752 3141 3805 ad
3185 3752 3388 3806 variam
3424 3768 3611 3807 rerum

1970 3852 2108 3908 quas
2137 3836 2287 3894 Deus
2326 3838 2533 3894 creavit
2592 3839 2997 3909 cognitionem,
3031 3846 3300 3909 tanquam
3343 3841 3411 3894 ad
3442 3840 3615 3897 arbo-

1972 3942 2089 3981 rem
2134 3926 2386 3982 scientiae
2418 3925 2553 3981 boni
2607 3934 2661 3981 et
2711 3925 2867 3993 mali,
2928 3928 3184 3982 animum
3240 3927 3610 4000 appellerent,

1970 4016 2184 4071 exitiali
2230 4030 2289 4070 se
2346 4014 2514 4071 morti
2566 4015 2992 4084 manciparunt,
3057 4024 3275 4073 tantum
3316 4018 3516 4085 abfuit,
3550 4025 3613 4075 ut

1969 4103 2189 4159 arboris
2213 4100 2340 4157 vitae
2398 4102 2707 4174 participes
2763 4111 2976 4160 essent.
3027 4104 3198 4163 Porro
3243 4112 3420 4163 Deum
3466 4109 3610 4163 Ada-

1972 4209 2095 4247 mus
2136 4192 2348 4262 absque
2405 4191 2741 4248 intermedio
2801 4209 2917 4248 non
2972 4193 3150 4263 videt,
3208 4200 3307 4250 aut
3367 4203 3611 4254 stantem

1970 4296 2157 4337 coram
2190 4281 2483 4350 obtuetur,
2515 4282 2609 4335 sed
2660 4282 2842 4337 solum
2884 4281 2944 4337 in
2994 4283 3259 4353 paradiso
3318 4286 3609 4355 prodeam-

1973 4369 2263 4425 bulantem
2314 4370 2494 4436 audit,
2554 4377 2612 4425 ut
2655 4370 2741 4424 bis
2810 4385 3033 4441 quoque
3086 4370 3251 4426 verba
3309 4372 3609 4446 faciamus,

1973 4459 2231 4530 quamvis
2264 4457 2334 4514 ab
2366 4458 2626 4514 instituto
2650 4466 2986 4529 argumento
3044 4458 3230 4515 aliena
3276 4461 3407 4517 sint.
3456 4463 3610 4526 Quo-

1973 4551 2124 4607 niam
2187 4553 2301 4605 stat
2330 4549 2554 4618 quidem
2618 4553 2762 4605 Deus
2800 4549 2869 4605 iis
2927 4551 3023 4621 qui
3079 4557 3246 4618 stant,
3299 4557 3612 4624 caventque

199 4649 356 4704 lent.
408 4644 657 4702 Mosaica
699 4617 856 4700 enim
922 4642 1171 4698 historia
1218 4617 1504 4696 Adamum
1563 4640 1868 4696 animanti-
1893 4617 1940 4682 Π
1974 4656 2046 4696 ne
2074 4639 2145 4694 ab
2179 4617 2402 4694 honesti
2434 4638 2659 4694 actione
2697 4617 2982 4694 decidant.
3034 4640 3117 4695 Ab
3154 4617 3612 4699 inconstantibus

199 4737 323 4792 bus
363 4736 600 4791 nomina
651 4733 1078 4804 imponentem,
1126 4730 1349 4801 hocque
1398 4730 1570 4786 modo
1611 4728 1681 4784 de
1751 4730 1861 4785 Eva

206 4823 602 4880 disserentem
653 4821 994 4879 introducit:
1036 4821 1142 4875 Hoc
1188 4819 1367 4891 igitur
1413 4834 1470 4874 os
1530 4834 1601 4873 ex
1652 4818 1860 4874 ossibus

192 4912 368 4981 meis,
417 4916 469 4968 et
503 4928 635 4969 caro
679 4928 749 4967 ex
789 4927 954 4966 carne
1011 4925 1132 4965 mea
1180 4909 1244 4963 ⁵³.
1276 4908 1382 4973 Qui
1441 4924 1571 4964 cum
1624 4909 1860 4966 Domini

195 5010 560 5075 praeceptum
588 4999 755 5056 nihili
802 4999 1054 5064 fecisset,
1081 5013 1193 5069 quo
1233 4997 1548 5052 cavebatur
1589 5002 1646 5051 ut
1690 4996 1860 5052 arbo-

196 5108 304 5148 res
336 5106 562 5157 omnes,
597 5089 807 5159 quibus
842 5088 1018 5144 Edem
1070 5086 1428 5141 immensum
1504 5084 1861 5153 luxuriabat,

192 5182 611 5245 contrectaret,
683 5177 937 5247 indeque
1024 5175 1238 5230 victum
1300 5174 1412 5230 sibi
1485 5178 1733 5244 pararet,
1788 5174 1860 5229 ab

194 5268 382 5325 unica
402 5285 535 5323 vero
568 5267 819 5323 scientiae
863 5265 1071 5321 arbore
1128 5262 1470 5329 abstineret,
1513 5278 1862 5332 causamque

192 5357 349 5414 adeo
372 5356 546 5429 hujus
565 5356 647 5413 rei
673 5360 1032 5432 compertam
1082 5352 1408 5422 habuisset,
1460 5350 1579 5406 imo
1611 5369 1863 5423 praesens

193 5468 233 5507 a
269 5455 556 5526 praesente
584 5448 833 5506 Domino
856 5446 1097 5503 auribus
1124 5441 1464 5514 excepisset,
1499 5457 1613 5496 non
1647 5439 1863 5511 injuria

200 5545 309 5602 Dei
325 5546 499 5618 jussu
523 5538 829 5604 exsulavit,
863 5544 914 5592 et
946 5534 1286 5591 deliciarum
1319 5531 1484 5587 horto
1524 5530 1862 5586 exturbatus

280 5670 332 5704 ⁵²
380 5674 549 5729 Joan.
574 5687 614 5734 ι,
643 5668 677 5721 3
790 5661 1138 5734 “Colossi,
1172 5657 1257 5711 16.
1334 5655 1381 5690 ⁸⁴
1418 5657 1543 5711 Act.
1584 5670 1724 5727 xvu,
1756 5660 1869 5713 24.:

1978 5672 2015 5726 ι.
2084 5652 2132 5686 ⁵⁵
2162 5651 2314 5708 Hebr
2340 5668 2417 5719 χι,
2455 5651 2509 5707 3.

202 5744 255 5779 ⁵⁸
287 5742 438 5802 Psal.
476 5729 679 5811 vut,'6.
710 5735 755 5771 "
785 5734 929 5792 Gen.
964 5749 1029 5801 ιι,
1066 5729 1156 5784 23.

1973 4736 2184 4796 autem,
2218 4735 2271 4783 et
2293 4726 2589 4800 obliquam
2619 4728 2690 4784 ab
2722 4728 2794 4783 iis
2824 4744 2949 4799 quia
3007 4728 3245 4786 meliora
3286 4738 3418 4787 sunt
3461 4733 3611 4789 viam

1969 4817 2347 4885 sectantibus,
2398 4815 2717 4873 dimovetur
2775 4832 3002 4888 quoque
3061 4817 3234 4890 Deus,
3292 4826 3346 4876 et
3401 4820 3514 4876 alio
3551 4836 3612 4876 se

1969 4907 2206 4973 confert,
2239 4920 2420 4978 eaque
2450 4906 2521 4960 de
2552 4921 2722 4962 causa
2753 4904 2909 4960 Deus
2955 4922 3204 4977 vespere,
3238 4911 3300 4963 ut
3345 4907 3612 4978 arbitror,

1970 5012 2087 5052 non
2125 5004 2313 5052 autem
2361 5009 2549 5059 mane,
2600 5001 2657 5049 ut
2711 4993 2890 5063 prius,
2936 4994 3152 5048 Adamo
3182 4994 3491 5051 videndum
3550 5010 3613 5051 se

1970 5086 2185 5155 praebet
2214 5085 2342 5154 quia
2371 5083 2648 5139 nimirum
2680 5098 2858 5153 capax
2886 5082 3134 5151 amplius
3176 5099 3289 5137 non
3336 5087 3476 5151 erat,
3519 5085 3614 5140 cui

1970 5173 2290 5243 splendoris
2333 5171 2511 5226 divini
2568 5171 2769 5227 Oriens
2827 5170 3201 5231 illucesceret,
3253 5171 3468 5243 quippe
3520 5174 3613 5228 cui

1973 5268 2095 5333 post
2134 5259 2644 5328 transgressionem
2692 5259 2894 5313 obtusa
2939 5273 3209 5313 sensuum
3260 5275 3469 5329 organa
3511 5261 3613 5316 hev

1972 5351 2288 5405 hescerent.
2319 5352 2501 5403 Antea
2545 5348 2692 5403 enim
2740 5362 2856 5401 non
2907 5361 2975 5401 ex
3004 5345 3301 5402 intervallo
3333 5363 3463 5404 cum
3496 5347 3613 5405 Deo

1971 5438 2422 5509 colloquebatur,
2466 5453 2649 5508 neque
2678 5436 2778 5503 ita,
2813 5442 2870 5490 ut
2900 5451 3055 5492 nunc
3084 5436 3321 5507 quidem
3369 5438 3611 5505 adesset,

1973 5544 2129 5585 nunc
2158 5543 2289 5583 vero
2317 5526 2578 5583 abesset:
2613 5526 2729 5581 imo
2761 5541 2928 5581 mane
2973 5529 3030 5581 et
3061 5526 3322 5594 meridie,
3357 5527 3463 5584 hoc
3502 5535 3612 5599 est,

2593 5649 2639 5684 ⁵⁸
2670 5650 2811 5706 Gen.
2845 5667 2886 5718 ι,
2911 5650 2965 5706 8.
3048 5648 3097 5683 ⁵⁷
3117 5654 3259 5707 Deut
3291 5668 3488 5709 xxvm.
3515 5656 3604 5710 28.
