  <div class='ocr_page' id='page_1' title='image "/cluster/home/n/w/nwhite01/storage/ocr_20150623/139/hvd.32044023361710/639.png"; bbox 0 0 4090 6192; ppageno 0'>
   <div class='ocr_carea' id='block_1_1' title="bbox 484 403 636 467">
    <p class='ocr_par' dir='ltr' id='par_1_1' title="bbox 484 403 636 467">
     <span class='ocr_line' id='line_1_1' title="bbox 484 403 636 467; baseline -0.033 0"><span class='ocrx_word' id='word_1_1' title='bbox 484 403 636 467; x_wconf 76' lang='grc'><strong>1267</strong></span> 
     </span>
    </p>
   </div>
   <div class='ocr_carea' id='block_1_2' title="bbox 1801 390 2571 462">
    <p class='ocr_par' dir='ltr' id='par_1_2' title="bbox 1801 390 2571 462">
     <span class='ocr_line' id='line_1_2' title="bbox 1801 390 2571 462; baseline 0 -3"><span class='ocrx_word' id='word_1_2' title='bbox 1801 393 2111 462; x_wconf 69' lang='lat' dir='ltr'><strong>NICETE</strong></span> <span class='ocrx_word' id='word_1_3' title='bbox 2152 390 2571 460; x_wconf 68' lang='lat' dir='ltr'><strong>CHONIATAE</strong></span> 
     </span>
    </p>
   </div>
   <div class='ocr_carea' id='block_1_3' title="bbox 3750 395 3914 454">
    <p class='ocr_par' dir='ltr' id='par_1_3' title="bbox 3750 395 3914 454">
     <span class='ocr_line' id='line_1_3' title="bbox 3750 395 3914 454; baseline 0 0"><span class='ocrx_word' id='word_1_4' title='bbox 3750 395 3914 454; x_wconf 70' lang='lat'><strong>1208</strong></span> 
     </span>
    </p>
   </div>
   <div class='ocr_carea' id='block_1_4' title="bbox 484 527 3908 602">
    <p class='ocr_par' dir='ltr' id='par_1_4' title="bbox 484 527 3908 602">
     <span class='ocr_line' id='line_1_4' title="bbox 484 527 3908 602; baseline -0.003 -10"><span class='ocrx_word' id='word_1_5' title='bbox 484 553 615 592; x_wconf 91' lang='lat' dir='ltr'><strong>cum</strong></span> <span class='ocrx_word' id='word_1_6' title='bbox 650 533 939 590; x_wconf 88' lang='lat' dir='ltr'><strong>intellectu</strong></span> <span class='ocrx_word' id='word_1_7' title='bbox 975 539 1026 586; x_wconf 85' lang='lat' dir='ltr'><strong>et</strong></span> <span class='ocrx_word' id='word_1_8' title='bbox 1057 529 1418 600; x_wconf 75' lang='lat' dir='ltr'><strong>cogitatione,</strong></span> <span class='ocrx_word' id='word_1_9' title='bbox 1452 529 1697 600; x_wconf 83' lang='lat' dir='ltr'><strong>denique</strong></span> <span class='ocrx_word' id='word_1_10' title='bbox 1753 531 2123 602; x_wconf 85' lang='lat' dir='ltr'><strong>spiritualiter</strong></span> <span class='ocrx_word' id='word_1_11' title='bbox 2155 533 2209 600; x_wconf 85' lang='grc' dir='ltr'><strong>Α</strong></span> <span class='ocrx_word' id='word_1_12' title='bbox 2241 532 2374 586; x_wconf 87' lang='lat' dir='ltr'><strong>tiem</strong></span> <span class='ocrx_word' id='word_1_13' title='bbox 2430 531 2711 586; x_wconf 88' lang='lat' dir='ltr'><strong>nonnulla</strong></span> <span class='ocrx_word' id='word_1_14' title='bbox 2763 530 3048 600; x_wconf 59' lang='lat' dir='ltr'><strong>praefatus,</strong></span> <span class='ocrx_word' id='word_1_15' title='bbox 3112 529 3233 584; x_wconf 69' lang='lat' dir='ltr'><strong>haec</strong></span> <span class='ocrx_word' id='word_1_16' title='bbox 3263 527 3534 598; x_wconf 88' lang='lat' dir='ltr'><strong>subjicil:</strong></span> <span class='ocrx_word' id='word_1_17' title='bbox 3598 527 3908 582; x_wconf 81' lang='lat' dir='ltr'><strong>Miserrimi</strong></span> 
     </span>
    </p>
   </div>
   <div class='ocr_carea' id='block_1_5' title="bbox 483 621 2131 693">
    <p class='ocr_par' dir='ltr' id='par_1_5' title="bbox 483 621 2131 693">
     <span class='ocr_line' id='line_1_5' title="bbox 483 621 2131 693; baseline -0.002 -12"><span class='ocrx_word' id='word_1_18' title='bbox 483 641 614 682; x_wconf 92' lang='lat' dir='ltr'><strong>cum</strong></span> <span class='ocrx_word' id='word_1_19' title='bbox 673 625 933 679; x_wconf 84' lang='lat' dir='ltr'><strong>Creatore</strong></span> <span class='ocrx_word' id='word_1_20' title='bbox 971 637 1071 676; x_wconf 92' lang='lat' dir='ltr'><strong>suo</strong></span> <span class='ocrx_word' id='word_1_21' title='bbox 1146 621 1593 676; x_wconf 86' lang='lat' dir='ltr'><strong>converssbatur</strong></span> <span class='ocrx_word' id='word_1_22' title='bbox 1660 630 1712 676; x_wconf 90' lang='lat' dir='ltr'><strong>et</strong></span> <span class='ocrx_word' id='word_1_23' title='bbox 1769 621 2131 693; x_wconf 86' lang='lat' dir='ltr'><strong>colloqueba-</strong></span> 
     </span>
    </p>
   </div>
   <div class='ocr_carea' id='block_1_6' title="bbox 485 709 2135 781">
    <p class='ocr_par' dir='ltr' id='par_1_6' title="bbox 485 709 2135 781">
     <span class='ocr_line' id='line_1_6' title="bbox 485 709 2135 781; baseline -0.003 -11"><span class='ocrx_word' id='word_1_24' title='bbox 485 718 594 770; x_wconf 88' lang='lat' dir='ltr'><strong>tur.</strong></span> <span class='ocrx_word' id='word_1_25' title='bbox 631 715 824 768; x_wconf 87' lang='lat' dir='ltr'><strong>Postea</strong></span> <span class='ocrx_word' id='word_1_26' title='bbox 853 725 983 766; x_wconf 91' lang='lat' dir='ltr'><strong>vero</strong></span> <span class='ocrx_word' id='word_1_27' title='bbox 1017 726 1189 781; x_wconf 89' lang='lat' dir='ltr'><strong>quam</strong></span> <span class='ocrx_word' id='word_1_28' title='bbox 1222 727 1251 763; x_wconf 91' lang='lat' dir='ltr'><strong>a</strong></span> <span class='ocrx_word' id='word_1_29' title='bbox 1309 711 1496 780; x_wconf 81' lang='lat' dir='ltr'><strong>seipso</strong></span> <span class='ocrx_word' id='word_1_30' title='bbox 1549 709 1724 765; x_wconf 76' lang='lat' dir='ltr'><strong>divini</strong></span> <span class='ocrx_word' id='word_1_31' title='bbox 1750 710 1923 781; x_wconf 85' lang='lat' dir='ltr'><strong>jubar</strong></span> <span class='ocrx_word' id='word_1_32' title='bbox 1961 711 2135 765; x_wconf 86' lang='lat' dir='ltr'><strong>lumi-</strong></span> 
     </span>
    </p>
   </div>
   <div class='ocr_carea' id='block_1_7' title="bbox 492 795 2139 869">
    <p class='ocr_par' dir='ltr' id='par_1_7' title="bbox 492 795 2139 869">
     <span class='ocr_line' id='line_1_7' title="bbox 492 795 2139 869; baseline -0.003 -10"><span class='ocrx_word' id='word_1_33' title='bbox 492 804 581 858; x_wconf 88' lang='lat' dir='ltr'><strong>nis</strong></span> <span class='ocrx_word' id='word_1_34' title='bbox 612 798 872 868; x_wconf 86' lang='lat' dir='ltr'><strong>exclusit,</strong></span> <span class='ocrx_word' id='word_1_35' title='bbox 917 807 1050 854; x_wconf 89' lang='lat' dir='ltr'><strong>tunc</strong></span> <span class='ocrx_word' id='word_1_36' title='bbox 1084 795 1327 865; x_wconf 87' lang='lat' dir='ltr'><strong>audivit,</strong></span> <span class='ocrx_word' id='word_1_37' title='bbox 1386 805 1444 854; x_wconf 87' lang='lat' dir='ltr'><strong>ut</strong></span> <span class='ocrx_word' id='word_1_38' title='bbox 1476 797 1774 869; x_wconf 77' lang='lat' dir='ltr'><strong>Scriptura</strong></span> <span class='ocrx_word' id='word_1_39' title='bbox 1811 800 2001 868; x_wconf 87' lang='lat' dir='ltr'><strong>refert,</strong></span> <span class='ocrx_word' id='word_1_40' title='bbox 2034 811 2139 854; x_wconf 89' lang='lat' dir='ltr'><strong>vo-</strong></span> 
     </span>
    </p>
   </div>
   <div class='ocr_carea' id='block_1_8' title="bbox 487 885 2137 958">
    <p class='ocr_par' dir='ltr' id='par_1_8' title="bbox 487 885 2137 958">
     <span class='ocr_line' id='line_1_8' title="bbox 487 885 2137 958; baseline -0.003 -10"><span class='ocrx_word' id='word_1_41' title='bbox 487 903 610 948; x_wconf 87' lang='lat' dir='ltr'><strong>cem</strong></span> <span class='ocrx_word' id='word_1_42' title='bbox 691 890 920 947; x_wconf 88' lang='lat' dir='ltr'><strong>Domini</strong></span> <span class='ocrx_word' id='word_1_43' title='bbox 999 885 1526 958; x_wconf 84' lang='lat' dir='ltr'><strong>prodeambulantis</strong></span> <span class='ocrx_word' id='word_1_44' title='bbox 1582 885 1642 942; x_wconf 89' lang='lat' dir='ltr'><strong>in</strong></span> <span class='ocrx_word' id='word_1_45' title='bbox 1713 887 1974 958; x_wconf 86' lang='lat' dir='ltr'><strong>paradiso</strong></span> <span class='ocrx_word' id='word_1_46' title='bbox 2031 888 2137 943; x_wconf 87' lang='lat' dir='ltr'><strong>sub</strong></span> 
     </span>
    </p>
   </div>
   <div class='ocr_carea' id='block_1_9' title="bbox 484 977 2138 1052">
    <p class='ocr_par' dir='ltr' id='par_1_9' title="bbox 484 977 2138 1052">
     <span class='ocr_line' id='line_1_9' title="bbox 484 977 2138 1052; baseline -0.004 -15"><span class='ocrx_word' id='word_1_47' title='bbox 484 997 800 1052; x_wconf 79' lang='lat' dir='ltr'><strong>veSperam,</strong></span> <span class='ocrx_word' id='word_1_48' title='bbox 835 987 888 1034; x_wconf 90' lang='lat' dir='ltr'><strong>et</strong></span> <span class='ocrx_word' id='word_1_49' title='bbox 920 978 1171 1034; x_wconf 92' lang='lat' dir='ltr'><strong>occuluit</strong></span> <span class='ocrx_word' id='word_1_50' title='bbox 1221 993 1300 1042; x_wconf 90' lang='lat' dir='ltr'><strong>se,</strong></span> <span class='ocrx_word' id='word_1_51' title='bbox 1348 977 1482 1048; x_wconf 87' lang='lat' dir='ltr'><strong>quia</strong></span> <span class='ocrx_word' id='word_1_52' title='bbox 1535 977 1723 1031; x_wconf 90' lang='lat' dir='ltr'><strong>nudus</strong></span> <span class='ocrx_word' id='word_1_53' title='bbox 1756 984 1891 1032; x_wconf 86' lang='lat' dir='ltr'><strong>erat.</strong></span> <span class='ocrx_word' id='word_1_54' title='bbox 1928 977 2138 1032; x_wconf 68' lang='lat' dir='ltr'><strong>Praeter</strong></span> 
     </span>
    </p>
   </div>
   <div class='ocr_carea' id='block_1_10' title="bbox 484 1066 2138 1141">
    <p class='ocr_par' dir='ltr' id='par_1_10' title="bbox 484 1066 2138 1141">
     <span class='ocr_line' id='line_1_10' title="bbox 484 1066 2138 1141; baseline -0.003 -16"><span class='ocrx_word' id='word_1_55' title='bbox 484 1086 550 1126; x_wconf 89' lang='lat' dir='ltr'><strong>eo</strong></span> <span class='ocrx_word' id='word_1_56' title='bbox 582 1085 706 1141; x_wconf 58' lang='lat' dir='ltr'><strong>quas</strong></span> <span class='ocrx_word' id='word_1_57' title='bbox 729 1069 854 1140; x_wconf 88' lang='lat' dir='ltr'><strong>jam</strong></span> <span class='ocrx_word' id='word_1_58' title='bbox 887 1066 1035 1122; x_wconf 88' lang='lat' dir='ltr'><strong>dicta</strong></span> <span class='ocrx_word' id='word_1_59' title='bbox 1067 1070 1219 1132; x_wconf 86' lang='lat' dir='ltr'><strong>sunt,</strong></span> <span class='ocrx_word' id='word_1_60' title='bbox 1255 1066 1471 1136; x_wconf 69' lang='lat' dir='ltr'><strong>Ophites</strong></span> <span class='ocrx_word' id='word_1_61' title='bbox 1513 1066 1618 1120; x_wconf 92' lang='lat' dir='ltr'><strong>hoc</strong></span> <span class='ocrx_word' id='word_1_62' title='bbox 1659 1082 1889 1138; x_wconf 90' lang='lat' dir='ltr'><strong>quoque</strong></span> <span class='ocrx_word' id='word_1_63' title='bbox 1937 1073 2138 1121; x_wconf 87' lang='lat' dir='ltr'><strong>contra</strong></span> 
     </span>
    </p>
   </div>
   <div class='ocr_carea' id='block_1_11' title="bbox 482 1153 2138 1228">
    <p class='ocr_par' dir='ltr' id='par_1_11' title="bbox 482 1153 2138 1228">
     <span class='ocr_line' id='line_1_11' title="bbox 482 1153 2138 1228; baseline -0.002 -15"><span class='ocrx_word' id='word_1_64' title='bbox 482 1164 763 1228; x_wconf 82' lang='lat' dir='ltr'><strong>receptam</strong></span> <span class='ocrx_word' id='word_1_65' title='bbox 814 1157 1035 1226; x_wconf 88' lang='lat' dir='ltr'><strong>piorum</strong></span> <span class='ocrx_word' id='word_1_66' title='bbox 1086 1153 1426 1211; x_wconf 87' lang='lat' dir='ltr'><strong>sententiam</strong></span> <span class='ocrx_word' id='word_1_67' title='bbox 1487 1163 1788 1210; x_wconf 87' lang='lat' dir='ltr'><strong>astruunt:</strong></span> <span class='ocrx_word' id='word_1_68' title='bbox 1823 1154 1970 1226; x_wconf 84' lang='lat' dir='ltr'><strong>quod</strong></span> <span class='ocrx_word' id='word_1_69' title='bbox 2026 1156 2138 1210; x_wconf 85' lang='lat' dir='ltr'><strong>sci-</strong></span> 
     </span>
    </p>
   </div>
   <div class='ocr_carea' id='block_1_12' title="bbox 484 1243 2134 1312">
    <p class='ocr_par' dir='ltr' id='par_1_12' title="bbox 484 1243 2134 1312">
     <span class='ocr_line' id='line_1_12' title="bbox 484 1243 2134 1312; baseline -0.003 -11"><span class='ocrx_word' id='word_1_70' title='bbox 484 1247 617 1301; x_wconf 90' lang='lat' dir='ltr'><strong>licet</strong></span> <span class='ocrx_word' id='word_1_71' title='bbox 674 1243 957 1301; x_wconf 88' lang='lat' dir='ltr'><strong>Dominus</strong></span> <span class='ocrx_word' id='word_1_72' title='bbox 1004 1244 1172 1298; x_wconf 89' lang='lat' dir='ltr'><strong>Jesus</strong></span> <span class='ocrx_word' id='word_1_73' title='bbox 1221 1245 1459 1298; x_wconf 87' lang='lat' dir='ltr'><strong>formam</strong></span> <span class='ocrx_word' id='word_1_74' title='bbox 1516 1243 1797 1312; x_wconf 71' lang='lat' dir='ltr'><strong>serpentis</strong></span> <span class='ocrx_word' id='word_1_75' title='bbox 1864 1243 2134 1308; x_wconf 83' lang='lat' dir='ltr'><strong>induerit,</strong></span> 
     </span>
    </p>
   </div>
   <div class='ocr_carea' id='block_1_13' title="bbox 485 1331 2139 1405">
    <p class='ocr_par' dir='ltr' id='par_1_13' title="bbox 485 1331 2139 1405">
     <span class='ocr_line' id='line_1_13' title="bbox 485 1331 2139 1405; baseline -0.002 -14"><span class='ocrx_word' id='word_1_76' title='bbox 485 1344 652 1405; x_wconf 89' lang='lat' dir='ltr'><strong>atque</strong></span> <span class='ocrx_word' id='word_1_77' title='bbox 700 1335 776 1388; x_wconf 84' lang='lat' dir='ltr'><strong>ita</strong></span> <span class='ocrx_word' id='word_1_78' title='bbox 821 1331 1072 1402; x_wconf 80' lang='lat' dir='ltr'><strong>Virginis</strong></span> <span class='ocrx_word' id='word_1_79' title='bbox 1123 1339 1344 1387; x_wconf 88' lang='lat' dir='ltr'><strong>uterum</strong></span> <span class='ocrx_word' id='word_1_80' title='bbox 1397 1332 1658 1398; x_wconf 84' lang='lat' dir='ltr'><strong>subierit,</strong></span> <span class='ocrx_word' id='word_1_81' title='bbox 1693 1333 1835 1402; x_wconf 89' lang='lat' dir='ltr'><strong>quod</strong></span> <span class='ocrx_word' id='word_1_82' title='bbox 1868 1334 1924 1387; x_wconf 91' lang='lat' dir='ltr'><strong>in</strong></span> <span class='ocrx_word' id='word_1_83' title='bbox 1971 1350 2139 1388; x_wconf 91' lang='lat' dir='ltr'><strong>causa</strong></span> 
     </span>
    </p>
   </div>
   <div class='ocr_carea' id='block_1_14' title="bbox 482 1421 2138 1493">
    <p class='ocr_par' dir='ltr' id='par_1_14' title="bbox 482 1421 2138 1493">
     <span class='ocr_line' id='line_1_14' title="bbox 482 1421 2138 1493; baseline -0.001 -15"><span class='ocrx_word' id='word_1_84' title='bbox 482 1424 612 1492; x_wconf 87' lang='lat' dir='ltr'><strong>fuit,</strong></span> <span class='ocrx_word' id='word_1_85' title='bbox 649 1430 707 1478; x_wconf 92' lang='lat' dir='ltr'><strong>ut</strong></span> <span class='ocrx_word' id='word_1_86' title='bbox 758 1422 1054 1493; x_wconf 82' lang='lat' dir='ltr'><strong>Apostolus</strong></span> <span class='ocrx_word' id='word_1_87' title='bbox 1101 1421 1473 1476; x_wconf 74' lang='lat' dir='ltr'><strong>exclamat-it:</strong></span> <span class='ocrx_word' id='word_1_88' title='bbox 1534 1423 1638 1489; x_wconf 83' lang='lat' dir='ltr'><strong>Qui</strong></span> <span class='ocrx_word' id='word_1_89' title='bbox 1675 1437 1802 1476; x_wconf 83' lang='lat' dir='ltr'><strong>eum</strong></span> <span class='ocrx_word' id='word_1_90' title='bbox 1854 1421 1910 1475; x_wconf 83' lang='lat' dir='ltr'><strong>in</strong></span> <span class='ocrx_word' id='word_1_91' title='bbox 1960 1423 2138 1492; x_wconf 77' lang='lat' dir='ltr'><strong>forma</strong></span> 
     </span>
    </p>
   </div>
   <div class='ocr_carea' id='block_1_15' title="bbox 487 1512 2138 1583">
    <p class='ocr_par' dir='ltr' id='par_1_15' title="bbox 487 1512 2138 1583">
     <span class='ocr_line' id='line_1_15' title="bbox 487 1512 2138 1583; baseline -0.003 -12"><span class='ocrx_word' id='word_1_92' title='bbox 487 1517 584 1571; x_wconf 88' lang='lat' dir='ltr'><strong>Dei</strong></span> <span class='ocrx_word' id='word_1_93' title='bbox 611 1517 766 1583; x_wconf 79' lang='lat' dir='ltr'><strong>esset,</strong></span> <span class='ocrx_word' id='word_1_94' title='bbox 799 1529 910 1568; x_wconf 84' lang='lat' dir='ltr'><strong>non</strong></span> <span class='ocrx_word' id='word_1_95' title='bbox 939 1512 1196 1581; x_wconf 79' lang='lat' dir='ltr'><strong>rapinam</strong></span> <span class='ocrx_word' id='word_1_96' title='bbox 1228 1512 1540 1567; x_wconf 74' lang='lat' dir='ltr'><strong>arbitratus</strong></span> <span class='ocrx_word' id='word_1_97' title='bbox 1587 1516 1668 1565; x_wconf 77' lang='lat' dir='ltr'><strong>est</strong></span> <span class='ocrx_word' id='word_1_98' title='bbox 1710 1528 1768 1566; x_wconf 85' lang='lat' dir='ltr'><strong>se</strong></span> <span class='ocrx_word' id='word_1_99' title='bbox 1813 1525 1930 1567; x_wconf 80' lang='lat' dir='ltr'><strong>esse</strong></span> <span class='ocrx_word' id='word_1_100' title='bbox 1953 1525 2138 1582; x_wconf 60' lang='lat' dir='ltr'><strong>mqua-</strong></span> 
     </span>
    </p>
   </div>
   <div class='ocr_carea' id='block_1_16' title="bbox 487 1599 2140 1671">
    <p class='ocr_par' dir='ltr' id='par_1_16' title="bbox 487 1599 2140 1671">
     <span class='ocr_line' id='line_1_16' title="bbox 487 1599 2140 1671; baseline -0.003 -11"><span class='ocrx_word' id='word_1_101' title='bbox 487 1607 594 1662; x_wconf 79' lang='lat' dir='ltr'><strong>tem</strong></span> <span class='ocrx_word' id='word_1_102' title='bbox 623 1606 748 1671; x_wconf 87' lang='lat' dir='ltr'><strong>Deo,</strong></span> <span class='ocrx_word' id='word_1_103' title='bbox 788 1601 877 1656; x_wconf 86' lang='lat' dir='ltr'><strong>sed</strong></span> <span class='ocrx_word' id='word_1_104' title='bbox 930 1599 1250 1656; x_wconf 74' lang='lat' dir='ltr'><strong>exinanivit</strong></span> <span class='ocrx_word' id='word_1_105' title='bbox 1298 1603 1647 1670; x_wconf 70' lang='lat' dir='ltr'><strong>semetipsum</strong></span> <span class='ocrx_word' id='word_1_106' title='bbox 1700 1603 1936 1669; x_wconf 79' lang='lat' dir='ltr'><strong>formam</strong></span> <span class='ocrx_word' id='word_1_107' title='bbox 1994 1604 2140 1656; x_wconf 76' lang='lat' dir='ltr'><strong>servi</strong></span> 
     </span>
    </p>
   </div>
   <div class='ocr_carea' id='block_1_17' title="bbox 487 1689 2138 1764">
    <p class='ocr_par' dir='ltr' id='par_1_17' title="bbox 487 1689 2138 1764">
     <span class='ocr_line' id='line_1_17' title="bbox 487 1689 2138 1764; baseline -0.003 -15"><span class='ocrx_word' id='word_1_108' title='bbox 487 1694 761 1764; x_wconf 80' lang='lat' dir='ltr'><strong>accipiens</strong></span> <span class='ocrx_word' id='word_1_109' title='bbox 793 1691 857 1744; x_wconf 79' lang='grc' dir='ltr'><strong>⁸ο.</strong></span> <span class='ocrx_word' id='word_1_110' title='bbox 920 1691 1055 1753; x_wconf 68' lang='lat' dir='ltr'><strong>Quae</strong></span> <span class='ocrx_word' id='word_1_111' title='bbox 1087 1689 1241 1744; x_wconf 90' lang='lat' dir='ltr'><strong>enim</strong></span> <span class='ocrx_word' id='word_1_112' title='bbox 1279 1693 1391 1744; x_wconf 90' lang='lat' dir='ltr'><strong>Deo</strong></span> <span class='ocrx_word' id='word_1_113' title='bbox 1437 1703 1568 1744; x_wconf 90' lang='lat' dir='ltr'><strong>cum</strong></span> <span class='ocrx_word' id='word_1_114' title='bbox 1593 1689 1973 1744; x_wconf 81' lang='lat' dir='ltr'><strong>atiimantium</strong></span> <span class='ocrx_word' id='word_1_115' title='bbox 2020 1707 2138 1745; x_wconf 90' lang='lat' dir='ltr'><strong>om-</strong></span> 
     </span>
    </p>
   </div>
   <div class='ocr_carea' id='block_1_18' title="bbox 491 1777 2134 1848">
    <p class='ocr_par' dir='ltr' id='par_1_18' title="bbox 491 1777 2134 1848">
     <span class='ocr_line' id='line_1_18' title="bbox 491 1777 2134 1848; baseline -0.002 -12"><span class='ocrx_word' id='word_1_116' title='bbox 491 1783 648 1836; x_wconf 89' lang='lat' dir='ltr'><strong>nium</strong></span> <span class='ocrx_word' id='word_1_117' title='bbox 703 1778 948 1835; x_wconf 84' lang='lat' dir='ltr'><strong>maxime</strong></span> <span class='ocrx_word' id='word_1_118' title='bbox 1001 1777 1333 1833; x_wconf 90' lang='lat' dir='ltr'><strong>detestando</strong></span> <span class='ocrx_word' id='word_1_119' title='bbox 1392 1781 1673 1848; x_wconf 85' lang='lat' dir='ltr'><strong>serpente,</strong></span> <span class='ocrx_word' id='word_1_120' title='bbox 1711 1781 1803 1846; x_wconf 87' lang='lat' dir='ltr'><strong>qui</strong></span> <span class='ocrx_word' id='word_1_121' title='bbox 1863 1778 2134 1834; x_wconf 84' lang='lat' dir='ltr'><strong>Adamum</strong></span> 
     </span>
    </p>
   </div>
   <div class='ocr_carea' id='block_1_19' title="bbox 490 1865 2135 1934">
    <p class='ocr_par' dir='ltr' id='par_1_19' title="bbox 490 1865 2135 1934">
     <span class='ocr_line' id='line_1_19' title="bbox 490 1865 2135 1934; baseline -0.002 -9"><span class='ocrx_word' id='word_1_122' title='bbox 490 1871 961 1934; x_wconf 87' lang='lat' dir='ltr'><strong>circumvenerat,</strong></span> <span class='ocrx_word' id='word_1_123' title='bbox 1009 1865 1452 1921; x_wconf 85' lang='lat' dir='ltr'><strong>communicatio</strong></span> <span class='ocrx_word' id='word_1_124' title='bbox 1500 1866 1629 1921; x_wconf 78' lang='lat' dir='ltr'><strong>est?</strong></span> <span class='ocrx_word' id='word_1_125' title='bbox 1684 1867 1788 1922; x_wconf 89' lang='lat' dir='ltr'><strong>Sed</strong></span> <span class='ocrx_word' id='word_1_126' title='bbox 1841 1867 1940 1922; x_wconf 89' lang='lat' dir='ltr'><strong>Dei</strong></span> <span class='ocrx_word' id='word_1_127' title='bbox 1999 1867 2135 1923; x_wconf 90' lang='lat' dir='ltr'><strong>Ver-</strong></span> 
     </span>
    </p>
   </div>
   <div class='ocr_carea' id='block_1_20' title="bbox 496 1953 2132 2024">
    <p class='ocr_par' dir='ltr' id='par_1_20' title="bbox 496 1953 2132 2024">
     <span class='ocr_line' id='line_1_20' title="bbox 496 1953 2132 2024; baseline -0.001 -13"><span class='ocrx_word' id='word_1_128' title='bbox 496 1959 658 2024; x_wconf 85' lang='lat' dir='ltr'><strong>bum,</strong></span> <span class='ocrx_word' id='word_1_129' title='bbox 699 1971 830 2010; x_wconf 89' lang='lat' dir='ltr'><strong>cum</strong></span> <span class='ocrx_word' id='word_1_130' title='bbox 889 1955 948 2008; x_wconf 90' lang='lat' dir='ltr'><strong>in</strong></span> <span class='ocrx_word' id='word_1_131' title='bbox 1009 1953 1211 2023; x_wconf 87' lang='lat' dir='ltr'><strong>forma,</strong></span> <span class='ocrx_word' id='word_1_132' title='bbox 1275 1969 1377 2009; x_wconf 87' lang='lat' dir='ltr'><strong>seu</strong></span> <span class='ocrx_word' id='word_1_133' title='bbox 1439 1953 1755 2009; x_wconf 85' lang='lat' dir='ltr'><strong>substantia</strong></span> <span class='ocrx_word' id='word_1_134' title='bbox 1812 1954 1912 2010; x_wconf 86' lang='lat' dir='ltr'><strong>Dei</strong></span> <span class='ocrx_word' id='word_1_135' title='bbox 1970 1961 2132 2024; x_wconf 88' lang='lat' dir='ltr'><strong>esset,</strong></span> 
     </span>
    </p>
   </div>
   <div class='ocr_carea' id='block_1_21' title="bbox 495 2043 2136 2115">
    <p class='ocr_par' dir='ltr' id='par_1_21' title="bbox 495 2043 2136 2115">
     <span class='ocr_line' id='line_1_21' title="bbox 495 2043 2136 2115; baseline 0.001 -15"><span class='ocrx_word' id='word_1_136' title='bbox 495 2060 600 2100; x_wconf 90' lang='lat' dir='ltr'><strong>nec</strong></span> <span class='ocrx_word' id='word_1_137' title='bbox 642 2045 764 2114; x_wconf 83' lang='lat' dir='ltr'><strong>ejus</strong></span> <span class='ocrx_word' id='word_1_138' title='bbox 814 2043 1058 2099; x_wconf 83' lang='lat' dir='ltr'><strong>essentia</strong></span> <span class='ocrx_word' id='word_1_139' title='bbox 1106 2059 1206 2112; x_wconf 91' lang='lat' dir='ltr'><strong>per</strong></span> <span class='ocrx_word' id='word_1_140' title='bbox 1252 2043 1532 2112; x_wconf 85' lang='lat' dir='ltr'><strong>rapinam,</strong></span> <span class='ocrx_word' id='word_1_141' title='bbox 1587 2043 1684 2099; x_wconf 89' lang='lat' dir='ltr'><strong>sed</strong></span> <span class='ocrx_word' id='word_1_142' title='bbox 1736 2050 1989 2099; x_wconf 86' lang='lat' dir='ltr'><strong>naturam</strong></span> <span class='ocrx_word' id='word_1_143' title='bbox 2044 2062 2136 2115; x_wconf 84' lang='lat' dir='ltr'><strong>po-</strong></span> 
     </span>
    </p>
   </div>
   <div class='ocr_carea' id='block_1_22' title="bbox 492 2131 2133 2202">
    <p class='ocr_par' dir='ltr' id='par_1_22' title="bbox 492 2131 2133 2202">
     <span class='ocr_line' id='line_1_22' title="bbox 492 2131 2133 2202; baseline 0.001 -15"><span class='ocrx_word' id='word_1_144' title='bbox 492 2133 633 2197; x_wconf 87' lang='lat' dir='ltr'><strong>tius,</strong></span> <span class='ocrx_word' id='word_1_145' title='bbox 655 2147 891 2202; x_wconf 89' lang='lat' dir='ltr'><strong>eamque</strong></span> <span class='ocrx_word' id='word_1_146' title='bbox 920 2131 1060 2187; x_wconf 85' lang='lat' dir='ltr'><strong>adeo</strong></span> <span class='ocrx_word' id='word_1_147' title='bbox 1093 2131 1391 2200; x_wconf 88' lang='lat' dir='ltr'><strong>ejusmodi,</strong></span> <span class='ocrx_word' id='word_1_148' title='bbox 1445 2147 1565 2202; x_wconf 77' lang='lat' dir='ltr'><strong>quas</strong></span> <span class='ocrx_word' id='word_1_149' title='bbox 1607 2131 1790 2187; x_wconf 89' lang='lat' dir='ltr'><strong>amitti</strong></span> <span class='ocrx_word' id='word_1_150' title='bbox 1825 2134 1982 2189; x_wconf 90' lang='lat' dir='ltr'><strong>nullo</strong></span> <span class='ocrx_word' id='word_1_151' title='bbox 2011 2151 2133 2188; x_wconf 82' lang='lat' dir='ltr'><strong>mo-</strong></span> 
     </span>
    </p>
   </div>
   <div class='ocr_carea' id='block_1_23' title="bbox 495 2217 2133 2292">
    <p class='ocr_par' dir='ltr' id='par_1_23' title="bbox 495 2217 2133 2292">
     <span class='ocr_line' id='line_1_23' title="bbox 495 2217 2133 2292; baseline 0.001 -16"><span class='ocrx_word' id='word_1_152' title='bbox 495 2217 568 2278; x_wconf 90' lang='lat' dir='ltr'><strong>do</strong></span> <span class='ocrx_word' id='word_1_153' title='bbox 602 2221 795 2292; x_wconf 87' lang='lat' dir='ltr'><strong>possit,</strong></span> <span class='ocrx_word' id='word_1_154' title='bbox 837 2219 1074 2292; x_wconf 73' lang='lat' dir='ltr'><strong>aequalis</strong></span> <span class='ocrx_word' id='word_1_155' title='bbox 1105 2219 1219 2276; x_wconf 91' lang='lat' dir='ltr'><strong>Deo</strong></span> <span class='ocrx_word' id='word_1_156' title='bbox 1265 2226 1447 2287; x_wconf 88' lang='lat' dir='ltr'><strong>esset;</strong></span> <span class='ocrx_word' id='word_1_157' title='bbox 1494 2221 1746 2292; x_wconf 82' lang='lat' dir='ltr'><strong>seipsum</strong></span> <span class='ocrx_word' id='word_1_158' title='bbox 1802 2223 2133 2290; x_wconf 86' lang='lat' dir='ltr'><strong>exinanivit,</strong></span> 
     </span>
    </p>
   </div>
   <div class='ocr_carea' id='block_1_24' title="bbox 489 2309 2130 2382">
    <p class='ocr_par' dir='ltr' id='par_1_24' title="bbox 489 2309 2130 2382">
     <span class='ocr_line' id='line_1_24' title="bbox 489 2309 2130 2382; baseline 0.001 -16"><span class='ocrx_word' id='word_1_159' title='bbox 489 2311 734 2366; x_wconf 86' lang='lat' dir='ltr'><strong>formam</strong></span> <span class='ocrx_word' id='word_1_160' title='bbox 768 2311 934 2380; x_wconf 59' lang='lat' dir='ltr'><strong>servi,</strong></span> <span class='ocrx_word' id='word_1_161' title='bbox 961 2310 1065 2366; x_wconf 92' lang='lat' dir='ltr'><strong>hoc</strong></span> <span class='ocrx_word' id='word_1_162' title='bbox 1087 2317 1169 2365; x_wconf 90' lang='lat' dir='ltr'><strong>est</strong></span> <span class='ocrx_word' id='word_1_163' title='bbox 1192 2309 1503 2365; x_wconf 90' lang='lat' dir='ltr'><strong>humanam</strong></span> <span class='ocrx_word' id='word_1_164' title='bbox 1528 2317 1787 2366; x_wconf 87' lang='lat' dir='ltr'><strong>naturam</strong></span> <span class='ocrx_word' id='word_1_165' title='bbox 1821 2313 2130 2382; x_wconf 88' lang='lat' dir='ltr'><strong>accipiens,</strong></span> 
     </span>
    </p>
   </div>
   <div class='ocr_carea' id='block_1_25' title="bbox 489 2398 2128 2471">
    <p class='ocr_par' dir='ltr' id='par_1_25' title="bbox 489 2398 2128 2471">
     <span class='ocr_line' id='line_1_25' title="bbox 489 2398 2128 2471; baseline 0.001 -16"><span class='ocrx_word' id='word_1_166' title='bbox 489 2400 968 2471; x_wconf 87' lang='lat' dir='ltr'><strong>quemadmodum</strong></span> <span class='ocrx_word' id='word_1_167' title='bbox 1031 2404 1088 2452; x_wconf 89' lang='lat' dir='ltr'><strong>et</strong></span> <span class='ocrx_word' id='word_1_168' title='bbox 1132 2398 1187 2453; x_wconf 91' lang='lat' dir='ltr'><strong>in</strong></span> <span class='ocrx_word' id='word_1_169' title='bbox 1247 2399 1624 2468; x_wconf 83' lang='lat' dir='ltr'><strong>sequentibtls</strong></span> <span class='ocrx_word' id='word_1_170' title='bbox 1681 2401 1951 2469; x_wconf 87' lang='lat' dir='ltr'><strong>ostendit,</strong></span> <span class='ocrx_word' id='word_1_171' title='bbox 2003 2415 2128 2457; x_wconf 90' lang='lat' dir='ltr'><strong>cum</strong></span> 
     </span>
    </p>
   </div>
   <div class='ocr_carea' id='block_1_26' title="bbox 485 2487 2131 2559">
    <p class='ocr_par' dir='ltr' id='par_1_26' title="bbox 485 2487 2131 2559">
     <span class='ocr_line' id='line_1_26' title="bbox 485 2487 2131 2559; baseline 0.004 -18"><span class='ocrx_word' id='word_1_172' title='bbox 485 2488 584 2552; x_wconf 88' lang='lat' dir='ltr'><strong>ait,</strong></span> <span class='ocrx_word' id='word_1_173' title='bbox 616 2487 697 2542; x_wconf 81' lang='lat' dir='ltr'><strong>Ad</strong></span> <span class='ocrx_word' id='word_1_174' title='bbox 725 2487 1150 2542; x_wconf 82' lang='lat' dir='ltr'><strong>similitudinem</strong></span> <span class='ocrx_word' id='word_1_175' title='bbox 1170 2487 1453 2544; x_wconf 82' lang='lat' dir='ltr'><strong>hominum</strong></span> <span class='ocrx_word' id='word_1_176' title='bbox 1483 2489 1665 2559; x_wconf 79' lang='lat' dir='ltr'><strong>factus</strong></span> <span class='ocrx_word' id='word_1_177' title='bbox 1694 2489 1760 2544; x_wconf 72' lang='grc' dir='ltr'><strong>σί.</strong></span> <span class='ocrx_word' id='word_1_178' title='bbox 1797 2492 1977 2556; x_wconf 86' lang='lat' dir='ltr'><strong>Quare</strong></span> <span class='ocrx_word' id='word_1_179' title='bbox 1999 2503 2131 2547; x_wconf 89' lang='lat' dir='ltr'><strong>cum</strong></span> 
     </span>
    </p>
   </div>
   <div class='ocr_carea' id='block_1_27' title="bbox 486 2575 2128 2646">
    <p class='ocr_par' dir='ltr' id='par_1_27' title="bbox 486 2575 2128 2646">
     <span class='ocr_line' id='line_1_27' title="bbox 486 2575 2128 2646; baseline 0.003 -16"><span class='ocrx_word' id='word_1_180' title='bbox 486 2576 726 2631; x_wconf 87' lang='lat' dir='ltr'><strong>Paulum</strong></span> <span class='ocrx_word' id='word_1_181' title='bbox 764 2576 985 2646; x_wconf 79' lang='lat' dir='ltr'><strong>Ophites</strong></span> <span class='ocrx_word' id='word_1_182' title='bbox 1036 2577 1095 2632; x_wconf 90' lang='lat' dir='ltr'><strong>in</strong></span> <span class='ocrx_word' id='word_1_183' title='bbox 1131 2576 1382 2633; x_wconf 90' lang='lat' dir='ltr'><strong>medium</strong></span> <span class='ocrx_word' id='word_1_184' title='bbox 1433 2575 1690 2646; x_wconf 72' lang='lat' dir='ltr'><strong>afferant,</strong></span> <span class='ocrx_word' id='word_1_185' title='bbox 1727 2583 1789 2633; x_wconf 92' lang='lat' dir='ltr'><strong>ut</strong></span> <span class='ocrx_word' id='word_1_186' title='bbox 1819 2578 2128 2635; x_wconf 89' lang='lat' dir='ltr'><strong>Dominum</strong></span> 
     </span>
    </p>
   </div>
   <div class='ocr_carea' id='block_1_28' title="bbox 484 2665 2133 2736">
    <p class='ocr_par' dir='ltr' id='par_1_28' title="bbox 484 2665 2133 2736">
     <span class='ocr_line' id='line_1_28' title="bbox 484 2665 2133 2736; baseline 0.003 -17"><span class='ocrx_word' id='word_1_187' title='bbox 484 2666 671 2720; x_wconf 88' lang='lat' dir='ltr'><strong>forma</strong></span> <span class='ocrx_word' id='word_1_188' title='bbox 701 2665 982 2736; x_wconf 84' lang='lat' dir='ltr'><strong>serpentis</strong></span> <span class='ocrx_word' id='word_1_189' title='bbox 1013 2672 1308 2736; x_wconf 85' lang='lat' dir='ltr'><strong>assumpta</strong></span> <span class='ocrx_word' id='word_1_190' title='bbox 1331 2665 1631 2735; x_wconf 77' lang='lat' dir='ltr'><strong>Virginem</strong></span> <span class='ocrx_word' id='word_1_191' title='bbox 1662 2668 1905 2724; x_wconf 86' lang='lat' dir='ltr'><strong>subiisse</strong></span> <span class='ocrx_word' id='word_1_192' title='bbox 1929 2669 2133 2724; x_wconf 78' lang='lat' dir='ltr'><strong>contir-</strong></span> 
     </span>
    </p>
   </div>
   <div class='ocr_carea' id='block_1_29' title="bbox 487 2754 2130 2826">
    <p class='ocr_par' dir='ltr' id='par_1_29' title="bbox 487 2754 2130 2826">
     <span class='ocr_line' id='line_1_29' title="bbox 487 2754 2130 2826; baseline 0.004 -17"><span class='ocrx_word' id='word_1_193' title='bbox 487 2761 663 2825; x_wconf 90' lang='lat' dir='ltr'><strong>menl,</strong></span> <span class='ocrx_word' id='word_1_194' title='bbox 720 2771 751 2809; x_wconf 87' lang='lat' dir='ltr'><strong>a</strong></span> <span class='ocrx_word' id='word_1_195' title='bbox 808 2754 984 2810; x_wconf 90' lang='lat' dir='ltr'><strong>Paulo</strong></span> <span class='ocrx_word' id='word_1_196' title='bbox 1036 2755 1156 2823; x_wconf 90' lang='lat' dir='ltr'><strong>ipso</strong></span> <span class='ocrx_word' id='word_1_197' title='bbox 1217 2755 1565 2826; x_wconf 87' lang='lat' dir='ltr'><strong>ventriloqui</strong></span> <span class='ocrx_word' id='word_1_198' title='bbox 1629 2757 1928 2826; x_wconf 78' lang='lat' dir='ltr'><strong>perspiche</strong></span> <span class='ocrx_word' id='word_1_199' title='bbox 1963 2775 2130 2814; x_wconf 89' lang='lat' dir='ltr'><strong>coar-</strong></span> 
     </span>
    </p>
   </div>
   <div class='ocr_carea' id='block_1_30' title="bbox 484 2845 2128 2918">
    <p class='ocr_par' dir='ltr' id='par_1_30' title="bbox 484 2845 2128 2918">
     <span class='ocr_line' id='line_1_30' title="bbox 484 2845 2128 2918; baseline 0.002 -18"><span class='ocrx_word' id='word_1_200' title='bbox 484 2853 763 2917; x_wconf 81' lang='lat' dir='ltr'><strong>guuntur,</strong></span> <span class='ocrx_word' id='word_1_201' title='bbox 797 2845 914 2901; x_wconf 91' lang='lat' dir='ltr'><strong>imo</strong></span> <span class='ocrx_word' id='word_1_202' title='bbox 945 2845 1061 2900; x_wconf 90' lang='lat' dir='ltr'><strong>illis</strong></span> <span class='ocrx_word' id='word_1_203' title='bbox 1091 2861 1154 2900; x_wconf 90' lang='lat' dir='ltr'><strong>os</strong></span> <span class='ocrx_word' id='word_1_204' title='bbox 1190 2849 1469 2918; x_wconf 76' lang='lat' dir='ltr'><strong>tanquam</strong></span> <span class='ocrx_word' id='word_1_205' title='bbox 1519 2846 1843 2918; x_wconf 82' lang='lat' dir='ltr'><strong>vaniloquls</strong></span> <span class='ocrx_word' id='word_1_206' title='bbox 1883 2849 2128 2905; x_wconf 83' lang='lat' dir='ltr'><strong>obstrui-</strong></span> 
     </span>
    </p>
   </div>
   <div class='ocr_carea' id='block_1_31' title="bbox 482 2931 2128 3008">
    <p class='ocr_par' dir='ltr' id='par_1_31' title="bbox 482 2931 2128 3008">
     <span class='ocr_line' id='line_1_31' title="bbox 482 2931 2128 3008; baseline 0.004 -20"><span class='ocrx_word' id='word_1_207' title='bbox 482 2943 594 2990; x_wconf 91' lang='lat' dir='ltr'><strong>tur.</strong></span> <span class='ocrx_word' id='word_1_208' title='bbox 626 2934 905 2990; x_wconf 82' lang='lat' dir='ltr'><strong>Caeterum</strong></span> <span class='ocrx_word' id='word_1_209' title='bbox 936 2934 1030 3003; x_wconf 90' lang='lat' dir='ltr'><strong>qui</strong></span> <span class='ocrx_word' id='word_1_210' title='bbox 1054 2932 1176 2989; x_wconf 86' lang='lat' dir='ltr'><strong>fieri</strong></span> <span class='ocrx_word' id='word_1_211' title='bbox 1224 2941 1424 3005; x_wconf 88' lang='lat' dir='ltr'><strong>potest,</strong></span> <span class='ocrx_word' id='word_1_212' title='bbox 1469 2943 1524 2990; x_wconf 90' lang='lat' dir='ltr'><strong>ut</strong></span> <span class='ocrx_word' id='word_1_213' title='bbox 1573 2931 1812 2991; x_wconf 80' lang='lat' dir='ltr'><strong>formam</strong></span> <span class='ocrx_word' id='word_1_214' title='bbox 1853 2939 2128 3008; x_wconf 85' lang='lat' dir='ltr'><strong>serpentis</strong></span> 
     </span>
    </p>
   </div>
   <div class='ocr_carea' id='block_1_32' title="bbox 485 3022 2126 3093">
    <p class='ocr_par' dir='ltr' id='par_1_32' title="bbox 485 3022 2126 3093">
     <span class='ocr_line' id='line_1_32' title="bbox 485 3022 2126 3093; baseline 0.005 -18"><span class='ocrx_word' id='word_1_215' title='bbox 485 3023 760 3078; x_wconf 87' lang='lat' dir='ltr'><strong>Dominus</strong></span> <span class='ocrx_word' id='word_1_216' title='bbox 812 3022 1114 3092; x_wconf 86' lang='lat' dir='ltr'><strong>acceperit,</strong></span> <span class='ocrx_word' id='word_1_217' title='bbox 1175 3037 1344 3093; x_wconf 89' lang='lat' dir='ltr'><strong>quem</strong></span> <span class='ocrx_word' id='word_1_218' title='bbox 1419 3025 1487 3079; x_wconf 92' lang='lat' dir='ltr'><strong>de</strong></span> <span class='ocrx_word' id='word_1_219' title='bbox 1539 3025 1727 3080; x_wconf 89' lang='lat' dir='ltr'><strong>medio</strong></span> <span class='ocrx_word' id='word_1_220' title='bbox 1789 3026 2126 3083; x_wconf 84' lang='lat' dir='ltr'><strong>sublaturus</strong></span> 
     </span>
    </p>
   </div>
   <div class='ocr_carea' id='block_1_33' title="bbox 482 3112 2123 3186">
    <p class='ocr_par' dir='ltr' id='par_1_33' title="bbox 482 3112 2123 3186">
     <span class='ocr_line' id='line_1_33' title="bbox 482 3112 2123 3186; baseline 0.004 -21"><span class='ocrx_word' id='word_1_221' title='bbox 482 3115 729 3180; x_wconf 84' lang='lat' dir='ltr'><strong>venerat,</strong></span> <span class='ocrx_word' id='word_1_222' title='bbox 763 3115 1043 3182; x_wconf 86' lang='lat' dir='ltr'><strong>tanquam</strong></span> <span class='ocrx_word' id='word_1_223' title='bbox 1086 3112 1364 3167; x_wconf 77' lang='lat' dir='ltr'><strong>daemonis</strong></span> <span class='ocrx_word' id='word_1_224' title='bbox 1422 3113 1807 3182; x_wconf 81' lang='lat' dir='ltr'><strong>emissarium,</strong></span> <span class='ocrx_word' id='word_1_225' title='bbox 1841 3113 1937 3186; x_wconf 86' lang='lat' dir='ltr'><strong>qui</strong></span> <span class='ocrx_word' id='word_1_226' title='bbox 1969 3118 2123 3172; x_wconf 84' lang='lat' dir='ltr'><strong>Ada-</strong></span> 
     </span>
    </p>
   </div>
   <div class='ocr_carea' id='block_1_34' title="bbox 483 3197 2126 3272">
    <p class='ocr_par' dir='ltr' id='par_1_34' title="bbox 483 3197 2126 3272">
     <span class='ocr_line' id='line_1_34' title="bbox 483 3197 2126 3272; baseline 0.004 -21"><span class='ocrx_word' id='word_1_227' title='bbox 483 3212 666 3266; x_wconf 86' lang='lat' dir='ltr'><strong>mum,</strong></span> <span class='ocrx_word' id='word_1_228' title='bbox 703 3197 810 3254; x_wconf 90' lang='lat' dir='ltr'><strong>hoc</strong></span> <span class='ocrx_word' id='word_1_229' title='bbox 842 3206 926 3254; x_wconf 89' lang='lat' dir='ltr'><strong>est</strong></span> <span class='ocrx_word' id='word_1_230' title='bbox 958 3213 1232 3254; x_wconf 90' lang='lat' dir='ltr'><strong>manuum</strong></span> <span class='ocrx_word' id='word_1_231' title='bbox 1261 3215 1496 3254; x_wconf 89' lang='lat' dir='ltr'><strong>suarum</strong></span> <span class='ocrx_word' id='word_1_232' title='bbox 1528 3214 1696 3272; x_wconf 89' lang='lat' dir='ltr'><strong>opus,</strong></span> <span class='ocrx_word' id='word_1_233' title='bbox 1738 3200 2126 3258; x_wconf 87' lang='lat' dir='ltr'><strong>circumvene-</strong></span> 
     </span>
    </p>
   </div>
   <div class='ocr_carea' id='block_1_35' title="bbox 2239 617 3908 676">
    <p class='ocr_par' dir='ltr' id='par_1_35' title="bbox 2239 617 3908 676">
     <span class='ocr_line' id='line_1_35' title="bbox 2239 617 3908 676; baseline -0.003 -1"><span class='ocrx_word' id='word_1_234' title='bbox 2239 621 2393 675; x_wconf 87' lang='lat' dir='ltr'><strong>enim</strong></span> <span class='ocrx_word' id='word_1_235' title='bbox 2449 620 2735 676; x_wconf 86' lang='lat' dir='ltr'><strong>carnalem</strong></span> <span class='ocrx_word' id='word_1_236' title='bbox 2802 628 2854 676; x_wconf 90' lang='lat' dir='ltr'><strong>et</strong></span> <span class='ocrx_word' id='word_1_237' title='bbox 2915 634 3224 675; x_wconf 83' lang='lat' dir='ltr'><strong>venereum</strong></span> <span class='ocrx_word' id='word_1_238' title='bbox 3301 617 3677 673; x_wconf 88' lang='lat' dir='ltr'><strong>concubitum</strong></span> <span class='ocrx_word' id='word_1_239' title='bbox 3739 617 3908 672; x_wconf 88' lang='lat' dir='ltr'><strong>rebus</strong></span> 
     </span>
    </p>
   </div>
   <div class='ocr_carea' id='block_1_36' title="bbox 2241 706 3907 775">
    <p class='ocr_par' dir='ltr' id='par_1_36' title="bbox 2241 706 3907 775">
     <span class='ocr_line' id='line_1_36' title="bbox 2241 706 3907 775; baseline -0.003 -12"><span class='ocrx_word' id='word_1_240' title='bbox 2241 709 2418 764; x_wconf 87' lang='lat' dir='ltr'><strong>sacris</strong></span> <span class='ocrx_word' id='word_1_241' title='bbox 2449 713 2777 774; x_wconf 87' lang='lat' dir='ltr'><strong>accensent,</strong></span> <span class='ocrx_word' id='word_1_242' title='bbox 2830 717 2880 764; x_wconf 87' lang='lat' dir='ltr'><strong>et</strong></span> <span class='ocrx_word' id='word_1_243' title='bbox 2914 707 2983 762; x_wconf 92' lang='lat' dir='ltr'><strong>ab</strong></span> <span class='ocrx_word' id='word_1_244' title='bbox 3015 723 3080 762; x_wconf 90' lang='lat' dir='ltr'><strong>eo</strong></span> <span class='ocrx_word' id='word_1_245' title='bbox 3123 707 3234 762; x_wconf 81' lang='lat' dir='ltr'><strong>sibi</strong></span> <span class='ocrx_word' id='word_1_246' title='bbox 3283 706 3341 761; x_wconf 88' lang='lat' dir='ltr'><strong>in</strong></span> <span class='ocrx_word' id='word_1_247' title='bbox 3374 707 3474 762; x_wconf 82' lang='lat' dir='ltr'><strong>Dei</strong></span> <span class='ocrx_word' id='word_1_248' title='bbox 3536 706 3752 775; x_wconf 82' lang='lat' dir='ltr'><strong>regiam</strong></span> <span class='ocrx_word' id='word_1_249' title='bbox 3782 707 3907 759; x_wconf 79' lang='lat' dir='ltr'><strong>adi-</strong></span> 
     </span>
    </p>
   </div>
   <div class='ocr_carea' id='block_1_37' title="bbox 2242 797 3912 868">
    <p class='ocr_par' dir='ltr' id='par_1_37' title="bbox 2242 797 3912 868">
     <span class='ocr_line' id='line_1_37' title="bbox 2242 797 3912 868; baseline -0.002 -15"><span class='ocrx_word' id='word_1_250' title='bbox 2242 802 2361 853; x_wconf 86' lang='lat' dir='ltr'><strong>tum</strong></span> <span class='ocrx_word' id='word_1_251' title='bbox 2396 798 2734 868; x_wconf 80' lang='lat' dir='ltr'><strong>patefnctum</strong></span> <span class='ocrx_word' id='word_1_252' title='bbox 2787 797 2853 852; x_wconf 91' lang='lat' dir='ltr'><strong>iri</strong></span> <span class='ocrx_word' id='word_1_253' title='bbox 2895 803 3115 868; x_wconf 88' lang='lat' dir='ltr'><strong>putant.</strong></span> <span class='ocrx_word' id='word_1_254' title='bbox 3172 799 3334 851; x_wconf 80' lang='lat' dir='ltr'><strong>Certe</strong></span> <span class='ocrx_word' id='word_1_255' title='bbox 3389 797 3458 850; x_wconf 88' lang='lat' dir='ltr'><strong>ad</strong></span> <span class='ocrx_word' id='word_1_256' title='bbox 3515 812 3702 864; x_wconf 78' lang='lat' dir='ltr'><strong>ganea</strong></span> <span class='ocrx_word' id='word_1_257' title='bbox 3763 812 3912 850; x_wconf 87' lang='lat' dir='ltr'><strong>cou-</strong></span> 
     </span>
    </p>
   </div>
   <div class='ocr_carea' id='block_1_38' title="bbox 2243 885 3909 956">
    <p class='ocr_par' dir='ltr' id='par_1_38' title="bbox 2243 885 3909 956">
     <span class='ocr_line' id='line_1_38' title="bbox 2243 885 3909 956; baseline -0.002 -13"><span class='ocrx_word' id='word_1_258' title='bbox 2243 889 2508 944; x_wconf 86' lang='lat' dir='ltr'><strong>sectanda</strong></span> <span class='ocrx_word' id='word_1_259' title='bbox 2560 888 2864 943; x_wconf 79' lang='lat' dir='ltr'><strong>fenestram</strong></span> <span class='ocrx_word' id='word_1_260' title='bbox 2920 887 3098 956; x_wconf 83' lang='lat' dir='ltr'><strong>aperit</strong></span> <span class='ocrx_word' id='word_1_261' title='bbox 3161 885 3492 955; x_wconf 82' lang='lat' dir='ltr'><strong>hujusmodi</strong></span> <span class='ocrx_word' id='word_1_262' title='bbox 3543 886 3909 951; x_wconf 89' lang='lat' dir='ltr'><strong>communio,</strong></span> 
     </span>
    </p>
   </div>
   <div class='ocr_carea' id='block_1_39' title="bbox 2243 974 3911 1046">
    <p class='ocr_par' dir='ltr' id='par_1_39' title="bbox 2243 974 3911 1046">
     <span class='ocr_line' id='line_1_39' title="bbox 2243 974 3911 1046; baseline -0.002 -14"><span class='ocrx_word' id='word_1_263' title='bbox 2243 992 2553 1046; x_wconf 85' lang='lat' dir='ltr'><strong>eorumque</strong></span> <span class='ocrx_word' id='word_1_264' title='bbox 2611 976 2897 1032; x_wconf 84' lang='lat' dir='ltr'><strong>societatis</strong></span> <span class='ocrx_word' id='word_1_265' title='bbox 2952 975 3082 1030; x_wconf 87' lang='lat' dir='ltr'><strong>albo</strong></span> <span class='ocrx_word' id='word_1_266' title='bbox 3142 989 3274 1030; x_wconf 87' lang='lat' dir='ltr'><strong>suos</strong></span> <span class='ocrx_word' id='word_1_267' title='bbox 3335 983 3386 1030; x_wconf 89' lang='lat' dir='ltr'><strong>et</strong></span> <span class='ocrx_word' id='word_1_268' title='bbox 3447 974 3596 1030; x_wconf 89' lang='lat' dir='ltr'><strong>hirci</strong></span> <span class='ocrx_word' id='word_1_269' title='bbox 3661 975 3911 1029; x_wconf 81' lang='lat' dir='ltr'><strong>libenter</strong></span> 
     </span>
    </p>
   </div>
   <div class='ocr_carea' id='block_1_40' title="bbox 2244 1065 3908 1134">
    <p class='ocr_par' dir='ltr' id='par_1_40' title="bbox 2244 1065 3908 1134">
     <span class='ocr_line' id='line_1_40' title="bbox 2244 1065 3908 1134; baseline -0.001 -14"><span class='ocrx_word' id='word_1_270' title='bbox 2244 1067 2616 1122; x_wconf 84' lang='lat' dir='ltr'><strong>ascribantur.</strong></span> <span class='ocrx_word' id='word_1_271' title='bbox 2662 1067 2744 1120; x_wconf 88' lang='lat' dir='ltr'><strong>Sit</strong></span> <span class='ocrx_word' id='word_1_272' title='bbox 2784 1081 2918 1121; x_wconf 90' lang='lat' dir='ltr'><strong>vero</strong></span> <span class='ocrx_word' id='word_1_273' title='bbox 2964 1065 3166 1121; x_wconf 86' lang='lat' dir='ltr'><strong>iisdem</strong></span> <span class='ocrx_word' id='word_1_274' title='bbox 3219 1065 3512 1134; x_wconf 58' lang='lat' dir='ltr'><strong>pracipua</strong></span> <span class='ocrx_word' id='word_1_275' title='bbox 3574 1068 3630 1119; x_wconf 86' lang='lat' dir='ltr'><strong>et</strong></span> <span class='ocrx_word' id='word_1_276' title='bbox 3663 1065 3908 1119; x_wconf 75' lang='lat' dir='ltr'><strong>maxime</strong></span> 
     </span>
    </p>
   </div>
   <div class='ocr_carea' id='block_1_41' title="bbox 2245 1154 3909 1226">
    <p class='ocr_par' dir='ltr' id='par_1_41' title="bbox 2245 1154 3909 1226">
     <span class='ocr_line' id='line_1_41' title="bbox 2245 1154 3909 1226; baseline -0.001 -15"><span class='ocrx_word' id='word_1_277' title='bbox 2245 1157 2458 1226; x_wconf 79' lang='lat' dir='ltr'><strong>epesin</strong></span> <span class='ocrx_word' id='word_1_278' title='bbox 2515 1155 2585 1212; x_wconf 88' lang='lat' dir='ltr'><strong>iis</strong></span> <span class='ocrx_word' id='word_1_279' title='bbox 2637 1155 3030 1212; x_wconf 89' lang='lat' dir='ltr'><strong>meretricibus</strong></span> <span class='ocrx_word' id='word_1_280' title='bbox 3085 1155 3353 1226; x_wconf 86' lang='lat' dir='ltr'><strong>reposita,</strong></span> <span class='ocrx_word' id='word_1_281' title='bbox 3401 1170 3522 1226; x_wconf 69' lang='lat' dir='ltr'><strong>quae</strong></span> <span class='ocrx_word' id='word_1_282' title='bbox 3578 1154 3640 1210; x_wconf 90' lang='lat' dir='ltr'><strong>in</strong></span> <span class='ocrx_word' id='word_1_283' title='bbox 3693 1155 3909 1210; x_wconf 84' lang='lat' dir='ltr'><strong>fornice</strong></span> 
     </span>
    </p>
   </div>
   <div class='ocr_carea' id='block_1_42' title="bbox 2245 1245 3907 1316">
    <p class='ocr_par' dir='ltr' id='par_1_42' title="bbox 2245 1245 3907 1316">
     <span class='ocr_line' id='line_1_42' title="bbox 2245 1245 3907 1316; baseline -0.001 -17"><span class='ocrx_word' id='word_1_284' title='bbox 2245 1250 2520 1316; x_wconf 85' lang='lat' dir='ltr'><strong>prostant,</strong></span> <span class='ocrx_word' id='word_1_285' title='bbox 2554 1254 2606 1301; x_wconf 89' lang='lat' dir='ltr'><strong>et</strong></span> <span class='ocrx_word' id='word_1_286' title='bbox 2629 1247 2768 1301; x_wconf 87' lang='lat' dir='ltr'><strong>citra</strong></span> <span class='ocrx_word' id='word_1_287' title='bbox 2801 1246 3085 1302; x_wconf 89' lang='lat' dir='ltr'><strong>delectum</strong></span> <span class='ocrx_word' id='word_1_288' title='bbox 3116 1245 3347 1316; x_wconf 87' lang='lat' dir='ltr'><strong>quosvis</strong></span> <span class='ocrx_word' id='word_1_289' title='bbox 3378 1245 3654 1300; x_wconf 82' lang='lat' dir='ltr'><strong>accedere</strong></span> <span class='ocrx_word' id='word_1_290' title='bbox 3709 1245 3907 1300; x_wconf 84' lang='lat' dir='ltr'><strong>volen-</strong></span> 
     </span>
    </p>
   </div>
   <div class='ocr_carea' id='block_1_43' title="bbox 2245 1334 3902 1405">
    <p class='ocr_par' dir='ltr' id='par_1_43' title="bbox 2245 1334 3902 1405">
     <span class='ocr_line' id='line_1_43' title="bbox 2245 1334 3902 1405; baseline 0 -15"><span class='ocrx_word' id='word_1_291' title='bbox 2245 1341 2330 1391; x_wconf 86' lang='lat' dir='ltr'><strong>tes</strong></span> <span class='ocrx_word' id='word_1_292' title='bbox 2362 1336 2720 1404; x_wconf 83' lang='lat' dir='ltr'><strong>impudenter</strong></span> <span class='ocrx_word' id='word_1_293' title='bbox 2774 1336 3098 1391; x_wconf 87' lang='lat' dir='ltr'><strong>admittunt.</strong></span> <span class='ocrx_word' id='word_1_294' title='bbox 3153 1334 3291 1390; x_wconf 77' lang='lat' dir='ltr'><strong>Aliis</strong></span> <span class='ocrx_word' id='word_1_295' title='bbox 3320 1352 3486 1405; x_wconf 87' lang='lat' dir='ltr'><strong>porro</strong></span> <span class='ocrx_word' id='word_1_296' title='bbox 3517 1336 3582 1390; x_wconf 90' lang='lat' dir='ltr'><strong>in</strong></span> <span class='ocrx_word' id='word_1_297' title='bbox 3639 1336 3902 1390; x_wconf 55' lang='lat' dir='ltr'><strong>eamdem</strong></span> 
     </span>
    </p>
   </div>
   <div class='ocr_carea' id='block_1_44' title="bbox 2245 1424 3909 1493">
    <p class='ocr_par' dir='ltr' id='par_1_44' title="bbox 2245 1424 3909 1493">
     <span class='ocr_line' id='line_1_44' title="bbox 2245 1424 3909 1493; baseline -0.001 -14"><span class='ocrx_word' id='word_1_298' title='bbox 2245 1425 2585 1479; x_wconf 87' lang='lat' dir='ltr'><strong>sententiam</strong></span> <span class='ocrx_word' id='word_1_299' title='bbox 2619 1425 2848 1491; x_wconf 86' lang='lat' dir='ltr'><strong>additis,</strong></span> <span class='ocrx_word' id='word_1_300' title='bbox 2882 1425 3089 1479; x_wconf 88' lang='lat' dir='ltr'><strong>infert:</strong></span> <span class='ocrx_word' id='word_1_301' title='bbox 3131 1427 3267 1479; x_wconf 66' lang='lat' dir='ltr'><strong>Hme</strong></span> <span class='ocrx_word' id='word_1_302' title='bbox 3297 1432 3349 1478; x_wconf 90' lang='lat' dir='ltr'><strong>et</strong></span> <span class='ocrx_word' id='word_1_303' title='bbox 3400 1424 3735 1493; x_wconf 85' lang='lat' dir='ltr'><strong>hujusmodi</strong></span> <span class='ocrx_word' id='word_1_304' title='bbox 3778 1435 3909 1478; x_wconf 86' lang='lat' dir='ltr'><strong>sunt</strong></span> 
     </span>
    </p>
   </div>
   <div class='ocr_carea' id='block_1_45' title="bbox 2248 1512 3909 1583">
    <p class='ocr_par' dir='ltr' id='par_1_45' title="bbox 2248 1512 3909 1583">
     <span class='ocr_line' id='line_1_45' title="bbox 2248 1512 3909 1583; baseline 0 -15"><span class='ocrx_word' id='word_1_305' title='bbox 2248 1513 2678 1569; x_wconf 87' lang='lat' dir='ltr'><strong>Pronicenslum</strong></span> <span class='ocrx_word' id='word_1_306' title='bbox 2711 1515 2994 1583; x_wconf 83' lang='lat' dir='ltr'><strong>dogmata,</strong></span> <span class='ocrx_word' id='word_1_307' title='bbox 3029 1513 3124 1583; x_wconf 90' lang='lat' dir='ltr'><strong>qui</strong></span> <span class='ocrx_word' id='word_1_308' title='bbox 3176 1529 3237 1568; x_wconf 88' lang='lat' dir='ltr'><strong>se</strong></span> <span class='ocrx_word' id='word_1_309' title='bbox 3265 1514 3564 1569; x_wconf 87' lang='lat' dir='ltr'><strong>Gnosticos</strong></span> <span class='ocrx_word' id='word_1_310' title='bbox 3625 1512 3771 1569; x_wconf 80' lang='lat' dir='ltr'><strong>falso</strong></span> <span class='ocrx_word' id='word_1_311' title='bbox 3805 1529 3909 1568; x_wconf 87' lang='lat' dir='ltr'><strong>no-</strong></span> 
     </span>
    </p>
   </div>
   <div class='ocr_carea' id='block_1_46' title="bbox 2249 1603 2707 1658">
    <p class='ocr_par' dir='ltr' id='par_1_46' title="bbox 2249 1603 2707 1658">
     <span class='ocr_line' id='line_1_46' title="bbox 2249 1603 2707 1658; baseline -0.002 -1"><span class='ocrx_word' id='word_1_312' title='bbox 2249 1604 2404 1658; x_wconf 85' lang='lat' dir='ltr'><strong>mine</strong></span> <span class='ocrx_word' id='word_1_313' title='bbox 2423 1603 2707 1658; x_wconf 82' lang='lat' dir='ltr'><strong>dixerunt.</strong></span> 
     </span>
    </p>
   </div>
   <div class='ocr_carea' id='block_1_47' title="bbox 2555 1728 3580 1801">
    <p class='ocr_par' dir='ltr' id='par_1_47' title="bbox 2555 1728 3580 1801">
     <span class='ocr_line' id='line_1_47' title="bbox 2555 1728 3580 1801; baseline 0.004 -19"><span class='ocrx_word' id='word_1_314' title='bbox 2555 1731 2832 1785; x_wconf 73' lang='lat' dir='ltr'><strong>Hazreseos</strong></span> <span class='ocrx_word' id='word_1_315' title='bbox 2859 1728 3216 1801; x_wconf 76' lang='lat' dir='ltr'><strong>praecedentis</strong></span> <span class='ocrx_word' id='word_1_316' title='bbox 3251 1730 3580 1798; x_wconf 83' lang='lat' dir='ltr'><strong>confulatio.</strong></span> 
     </span>
    </p>
   </div>
   <div class='ocr_carea' id='block_1_48' title="bbox 2321 1856 3907 1926">
    <p class='ocr_par' dir='ltr' id='par_1_48' title="bbox 2321 1856 3907 1926">
     <span class='ocr_line' id='line_1_48' title="bbox 2321 1856 3907 1926; baseline 0.001 -17"><span class='ocrx_word' id='word_1_317' title='bbox 2321 1856 2375 1909; x_wconf 92' lang='lat' dir='ltr'><strong>Si</strong></span> <span class='ocrx_word' id='word_1_318' title='bbox 2407 1856 2568 1910; x_wconf 85' lang='lat' dir='ltr'><strong>Plato</strong></span> <span class='ocrx_word' id='word_1_319' title='bbox 2607 1856 2900 1911; x_wconf 89' lang='lat' dir='ltr'><strong>Platonico</strong></span> <span class='ocrx_word' id='word_1_320' title='bbox 2961 1871 3114 1910; x_wconf 88' lang='lat' dir='ltr'><strong>more</strong></span> <span class='ocrx_word' id='word_1_321' title='bbox 3173 1856 3395 1912; x_wconf 90' lang='lat' dir='ltr'><strong>locutus</strong></span> <span class='ocrx_word' id='word_1_322' title='bbox 3442 1863 3545 1922; x_wconf 89' lang='lat' dir='ltr'><strong>est,</strong></span> <span class='ocrx_word' id='word_1_323' title='bbox 3607 1870 3717 1912; x_wconf 84' lang='lat' dir='ltr'><strong>nec</strong></span> <span class='ocrx_word' id='word_1_324' title='bbox 3757 1873 3907 1926; x_wconf 75' lang='lat' dir='ltr'><strong>pras-</strong></span> 
     </span>
    </p>
   </div>
   <div class='ocr_carea' id='block_1_49' title="bbox 2247 1946 3900 2017">
    <p class='ocr_par' dir='ltr' id='par_1_49' title="bbox 2247 1946 3900 2017">
     <span class='ocr_line' id='line_1_49' title="bbox 2247 1946 3900 2017; baseline 0.001 -16"><span class='ocrx_word' id='word_1_325' title='bbox 2247 1952 2400 2001; x_wconf 88' lang='lat' dir='ltr'><strong>tento</strong></span> <span class='ocrx_word' id='word_1_326' title='bbox 2432 1946 2851 2016; x_wconf 83' lang='lat' dir='ltr'><strong>legumlationis</strong></span> <span class='ocrx_word' id='word_1_327' title='bbox 2881 1947 3110 2014; x_wconf 92' lang='lat' dir='ltr'><strong>cortice,</strong></span> <span class='ocrx_word' id='word_1_328' title='bbox 3162 1947 3622 2017; x_wconf 89' lang='lat' dir='ltr'><strong>pbilosopbicum</strong></span> <span class='ocrx_word' id='word_1_329' title='bbox 3660 1964 3900 2003; x_wconf 85' lang='lat' dir='ltr'><strong>sensum</strong></span> 
     </span>
    </p>
   </div>
   <div class='ocr_carea' id='block_1_50' title="bbox 2244 2036 3904 2107">
    <p class='ocr_par' dir='ltr' id='par_1_50' title="bbox 2244 2036 3904 2107">
     <span class='ocr_line' id='line_1_50' title="bbox 2244 2036 3904 2107; baseline 0.001 -16"><span class='ocrx_word' id='word_1_330' title='bbox 2244 2036 2516 2107; x_wconf 85' lang='lat' dir='ltr'><strong>occuluit,</strong></span> <span class='ocrx_word' id='word_1_331' title='bbox 2553 2037 2700 2091; x_wconf 86' lang='lat' dir='ltr'><strong>haud</strong></span> <span class='ocrx_word' id='word_1_332' title='bbox 2741 2036 2910 2092; x_wconf 86' lang='lat' dir='ltr'><strong>dubie</strong></span> <span class='ocrx_word' id='word_1_333' title='bbox 2960 2037 3115 2092; x_wconf 88' lang='lat' dir='ltr'><strong>Plato</strong></span> <span class='ocrx_word' id='word_1_334' title='bbox 3148 2036 3381 2104; x_wconf 84' lang='lat' dir='ltr'><strong>indigna</strong></span> <span class='ocrx_word' id='word_1_335' title='bbox 3413 2053 3471 2092; x_wconf 89' lang='lat' dir='ltr'><strong>se</strong></span> <span class='ocrx_word' id='word_1_336' title='bbox 3501 2044 3622 2092; x_wconf 91' lang='lat' dir='ltr'><strong>turn</strong></span> <span class='ocrx_word' id='word_1_337' title='bbox 3662 2038 3904 2093; x_wconf 87' lang='lat' dir='ltr'><strong>molitus</strong></span> 
     </span>
    </p>
   </div>
   <div class='ocr_carea' id='block_1_51' title="bbox 2244 2126 3902 2196">
    <p class='ocr_par' dir='ltr' id='par_1_51' title="bbox 2244 2126 3902 2196">
     <span class='ocr_line' id='line_1_51' title="bbox 2244 2126 3902 2196; baseline 0 -14"><span class='ocrx_word' id='word_1_338' title='bbox 2244 2131 2351 2193; x_wconf 90' lang='lat' dir='ltr'><strong>est,</strong></span> <span class='ocrx_word' id='word_1_339' title='bbox 2407 2141 2535 2181; x_wconf 89' lang='lat' dir='ltr'><strong>cum</strong></span> <span class='ocrx_word' id='word_1_340' title='bbox 2594 2126 2820 2196; x_wconf 87' lang='lat' dir='ltr'><strong>nuptias</strong></span> <span class='ocrx_word' id='word_1_341' title='bbox 2874 2141 3208 2182; x_wconf 88' lang='lat' dir='ltr'><strong>communes</strong></span> <span class='ocrx_word' id='word_1_342' title='bbox 3278 2142 3398 2182; x_wconf 88' lang='lat' dir='ltr'><strong>esse</strong></span> <span class='ocrx_word' id='word_1_343' title='bbox 3457 2126 3579 2181; x_wconf 87' lang='lat' dir='ltr'><strong>suis</strong></span> <span class='ocrx_word' id='word_1_344' title='bbox 3653 2128 3902 2183; x_wconf 80' lang='lat' dir='ltr'><strong>sancivit</strong></span> 
     </span>
    </p>
   </div>
   <div class='ocr_carea' id='block_1_52' title="bbox 2245 2215 3903 2286">
    <p class='ocr_par' dir='ltr' id='par_1_52' title="bbox 2245 2215 3903 2286">
     <span class='ocr_line' id='line_1_52' title="bbox 2245 2215 3903 2286; baseline 0.001 -16"><span class='ocrx_word' id='word_1_345' title='bbox 2245 2215 2479 2284; x_wconf 79' lang='lat' dir='ltr'><strong>legibus.</strong></span> <span class='ocrx_word' id='word_1_346' title='bbox 2519 2215 2658 2270; x_wconf 86' lang='lat' dir='ltr'><strong>Nam</strong></span> <span class='ocrx_word' id='word_1_347' title='bbox 2706 2215 2999 2270; x_wconf 84' lang='lat' dir='ltr'><strong>Prodicum</strong></span> <span class='ocrx_word' id='word_1_348' title='bbox 3029 2217 3176 2282; x_wconf 86' lang='lat' dir='ltr'><strong>sino,</strong></span> <span class='ocrx_word' id='word_1_349' title='bbox 3231 2223 3284 2271; x_wconf 91' lang='lat' dir='ltr'><strong>et</strong></span> <span class='ocrx_word' id='word_1_350' title='bbox 3314 2216 3408 2286; x_wconf 91' lang='lat' dir='ltr'><strong>qui</strong></span> <span class='ocrx_word' id='word_1_351' title='bbox 3443 2217 3703 2272; x_wconf 87' lang='lat' dir='ltr'><strong>Platonis</strong></span> <span class='ocrx_word' id='word_1_352' title='bbox 3734 2219 3903 2272; x_wconf 83' lang='lat' dir='ltr'><strong>audi-</strong></span> 
     </span>
    </p>
   </div>
   <div class='ocr_carea' id='block_1_53' title="bbox 2244 2304 3903 2376">
    <p class='ocr_par' dir='ltr' id='par_1_53' title="bbox 2244 2304 3903 2376">
     <span class='ocr_line' id='line_1_53' title="bbox 2244 2304 3903 2376; baseline 0 -16"><span class='ocrx_word' id='word_1_353' title='bbox 2244 2310 2392 2362; x_wconf 88' lang='lat' dir='ltr'><strong>tores</strong></span> <span class='ocrx_word' id='word_1_354' title='bbox 2422 2305 2800 2360; x_wconf 69' lang='lat' dir='ltr'><strong>dissentaneis</strong></span> <span class='ocrx_word' id='word_1_355' title='bbox 2830 2304 3050 2376; x_wconf 77' lang='lat' dir='ltr'><strong>sibique</strong></span> <span class='ocrx_word' id='word_1_356' title='bbox 3079 2305 3462 2361; x_wconf 87' lang='lat' dir='ltr'><strong>dissimilibus</strong></span> <span class='ocrx_word' id='word_1_357' title='bbox 3512 2306 3766 2376; x_wconf 81' lang='lat' dir='ltr'><strong>magistri</strong></span> <span class='ocrx_word' id='word_1_358' title='bbox 3811 2307 3903 2360; x_wconf 84' lang='lat' dir='ltr'><strong>sui</strong></span> 
     </span>
    </p>
   </div>
   <div class='ocr_carea' id='block_1_54' title="bbox 2243 2393 3908 2464">
    <p class='ocr_par' dir='ltr' id='par_1_54' title="bbox 2243 2393 3908 2464">
     <span class='ocr_line' id='line_1_54' title="bbox 2243 2393 3908 2464; baseline 0 -14"><span class='ocrx_word' id='word_1_359' title='bbox 2243 2393 2628 2464; x_wconf 89' lang='lat' dir='ltr'><strong>opinionibus,</strong></span> <span class='ocrx_word' id='word_1_360' title='bbox 2691 2401 2957 2464; x_wconf 85' lang='lat' dir='ltr'><strong>tanquam</strong></span> <span class='ocrx_word' id='word_1_361' title='bbox 3042 2409 3250 2450; x_wconf 68' lang='lat' dir='ltr'><strong>muscas</strong></span> <span class='ocrx_word' id='word_1_362' title='bbox 3325 2393 3643 2464; x_wconf 85' lang='lat' dir='ltr'><strong>ulceribus,</strong></span> <span class='ocrx_word' id='word_1_363' title='bbox 3714 2395 3908 2450; x_wconf 82' lang='lat' dir='ltr'><strong>inﬂati</strong></span> 
     </span>
    </p>
   </div>
   <div class='ocr_carea' id='block_1_55' title="bbox 2242 2485 3910 2551">
    <p class='ocr_par' dir='ltr' id='par_1_55' title="bbox 2242 2485 3910 2551">
     <span class='ocr_line' id='line_1_55' title="bbox 2242 2485 3910 2551; baseline 0 -11"><span class='ocrx_word' id='word_1_364' title='bbox 2242 2489 2396 2541; x_wconf 87' lang='lat' dir='ltr'><strong>sunt.</strong></span> <span class='ocrx_word' id='word_1_365' title='bbox 2449 2485 2554 2551; x_wconf 88' lang='lat' dir='ltr'><strong>Qui</strong></span> <span class='ocrx_word' id='word_1_366' title='bbox 2615 2485 2766 2540; x_wconf 89' lang='lat' dir='ltr'><strong>enim</strong></span> <span class='ocrx_word' id='word_1_367' title='bbox 2828 2485 3260 2540; x_wconf 87' lang='lat' dir='ltr'><strong>communitatis</strong></span> <span class='ocrx_word' id='word_1_368' title='bbox 3338 2485 3643 2540; x_wconf 88' lang='lat' dir='ltr'><strong>mulierum</strong></span> <span class='ocrx_word' id='word_1_369' title='bbox 3708 2489 3910 2542; x_wconf 83' lang='lat' dir='ltr'><strong>auctor</strong></span> 
     </span>
    </p>
   </div>
   <div class='ocr_carea' id='block_1_56' title="bbox 2242 2572 3905 2643">
    <p class='ocr_par' dir='ltr' id='par_1_56' title="bbox 2242 2572 3905 2643">
     <span class='ocr_line' id='line_1_56' title="bbox 2242 2572 3905 2643; baseline 0.001 -15"><span class='ocrx_word' id='word_1_370' title='bbox 2242 2581 2348 2640; x_wconf 90' lang='lat' dir='ltr'><strong>est,</strong></span> <span class='ocrx_word' id='word_1_371' title='bbox 2382 2574 2429 2628; x_wconf 92' lang='lat' dir='ltr'><strong>is</strong></span> <span class='ocrx_word' id='word_1_372' title='bbox 2462 2572 2604 2627; x_wconf 89' lang='lat' dir='ltr'><strong>nihil</strong></span> <span class='ocrx_word' id='word_1_373' title='bbox 2655 2573 2834 2641; x_wconf 84' lang='lat' dir='ltr'><strong>aliud,</strong></span> <span class='ocrx_word' id='word_1_374' title='bbox 2887 2589 3054 2643; x_wconf 86' lang='lat' dir='ltr'><strong>quam</strong></span> <span class='ocrx_word' id='word_1_375' title='bbox 3089 2573 3387 2629; x_wconf 82' lang='lat' dir='ltr'><strong>nationum</strong></span> <span class='ocrx_word' id='word_1_376' title='bbox 3444 2575 3736 2643; x_wconf 86' lang='lat' dir='ltr'><strong>omnium,</strong></span> <span class='ocrx_word' id='word_1_377' title='bbox 3771 2576 3905 2630; x_wconf 82' lang='lat' dir='ltr'><strong>toti-</strong></span> 
     </span>
    </p>
   </div>
   <div class='ocr_carea' id='block_1_57' title="bbox 2241 2661 3902 2734">
    <p class='ocr_par' dir='ltr' id='par_1_57' title="bbox 2241 2661 3902 2734">
     <span class='ocr_line' id='line_1_57' title="bbox 2241 2661 3902 2734; baseline 0 -16"><span class='ocrx_word' id='word_1_378' title='bbox 2241 2679 2420 2734; x_wconf 86' lang='lat' dir='ltr'><strong>usque</strong></span> <span class='ocrx_word' id='word_1_379' title='bbox 2448 2661 2674 2733; x_wconf 83' lang='lat' dir='ltr'><strong>generis</strong></span> <span class='ocrx_word' id='word_1_380' title='bbox 2707 2662 2943 2717; x_wconf 82' lang='lat' dir='ltr'><strong>humani</strong></span> <span class='ocrx_word' id='word_1_381' title='bbox 2977 2663 3374 2718; x_wconf 84' lang='lat' dir='ltr'><strong>confusionem</strong></span> <span class='ocrx_word' id='word_1_382' title='bbox 3409 2663 3751 2720; x_wconf 88' lang='lat' dir='ltr'><strong>introducit.</strong></span> <span class='ocrx_word' id='word_1_383' title='bbox 3800 2665 3902 2730; x_wconf 83' lang='lat' dir='ltr'><strong>Qui</strong></span> 
     </span>
    </p>
   </div>
   <div class='ocr_carea' id='block_1_58' title="bbox 2239 2751 3905 2823">
    <p class='ocr_par' dir='ltr' id='par_1_58' title="bbox 2239 2751 3905 2823">
     <span class='ocr_line' id='line_1_58' title="bbox 2239 2751 3905 2823; baseline 0 -15"><span class='ocrx_word' id='word_1_384' title='bbox 2239 2752 2392 2808; x_wconf 90' lang='lat' dir='ltr'><strong>enim</strong></span> <span class='ocrx_word' id='word_1_385' title='bbox 2427 2752 2548 2806; x_wconf 87' lang='lat' dir='ltr'><strong>fieri</strong></span> <span class='ocrx_word' id='word_1_386' title='bbox 2608 2754 2814 2823; x_wconf 86' lang='lat' dir='ltr'><strong>potest,</strong></span> <span class='ocrx_word' id='word_1_387' title='bbox 2878 2759 2937 2806; x_wconf 92' lang='lat' dir='ltr'><strong>ut</strong></span> <span class='ocrx_word' id='word_1_388' title='bbox 2986 2767 3053 2806; x_wconf 79' lang='lat' dir='ltr'><strong>ex</strong></span> <span class='ocrx_word' id='word_1_389' title='bbox 3113 2751 3443 2821; x_wconf 87' lang='lat' dir='ltr'><strong>hujusmodi</strong></span> <span class='ocrx_word' id='word_1_390' title='bbox 3494 2753 3905 2822; x_wconf 63' lang='lat' dir='ltr'><strong>complexibus</strong></span> 
     </span>
    </p>
   </div>
   <div class='ocr_carea' id='block_1_59' title="bbox 2238 2841 3901 2913">
    <p class='ocr_par' dir='ltr' id='par_1_59' title="bbox 2238 2841 3901 2913">
     <span class='ocr_line' id='line_1_59' title="bbox 2238 2841 3901 2913; baseline 0 -17"><span class='ocrx_word' id='word_1_391' title='bbox 2238 2849 2394 2912; x_wconf 86' lang='lat' dir='ltr'><strong>pater</strong></span> <span class='ocrx_word' id='word_1_392' title='bbox 2450 2841 2600 2896; x_wconf 91' lang='lat' dir='ltr'><strong>ullus</strong></span> <span class='ocrx_word' id='word_1_393' title='bbox 2653 2847 3052 2910; x_wconf 80' lang='lat' dir='ltr'><strong>cognoscatur,</strong></span> <span class='ocrx_word' id='word_1_394' title='bbox 3113 2849 3169 2896; x_wconf 89' lang='lat' dir='ltr'><strong>et</strong></span> <span class='ocrx_word' id='word_1_395' title='bbox 3225 2843 3414 2897; x_wconf 67' lang='lat' dir='ltr'><strong>caeteri</strong></span> <span class='ocrx_word' id='word_1_396' title='bbox 3474 2844 3901 2913; x_wconf 80' lang='lat' dir='ltr'><strong>consanguinei</strong></span> 
     </span>
    </p>
   </div>
   <div class='ocr_carea' id='block_1_60' title="bbox 2235 2930 3904 2988">
    <p class='ocr_par' dir='ltr' id='par_1_60' title="bbox 2235 2930 3904 2988">
     <span class='ocr_line' id='line_1_60' title="bbox 2235 2930 3904 2988; baseline 0.001 -2"><span class='ocrx_word' id='word_1_397' title='bbox 2235 2930 2735 2986; x_wconf 80' lang='lat' dir='ltr'><strong>demonstrantur?</strong></span> <span class='ocrx_word' id='word_1_398' title='bbox 2762 2932 2834 2985; x_wconf 85' lang='lat' dir='ltr'><strong>At</strong></span> <span class='ocrx_word' id='word_1_399' title='bbox 2861 2939 3012 2987; x_wconf 88' lang='lat' dir='ltr'><strong>certe</strong></span> <span class='ocrx_word' id='word_1_400' title='bbox 3056 2935 3206 2986; x_wconf 90' lang='lat' dir='ltr'><strong>Deus</strong></span> <span class='ocrx_word' id='word_1_401' title='bbox 3266 2931 3412 2986; x_wconf 88' lang='lat' dir='ltr'><strong>nihil</strong></span> <span class='ocrx_word' id='word_1_402' title='bbox 3455 2932 3702 2988; x_wconf 80' lang='lat' dir='ltr'><strong>confuse</strong></span> <span class='ocrx_word' id='word_1_403' title='bbox 3742 2947 3904 2988; x_wconf 79' lang='lat' dir='ltr'><strong>crea-</strong></span> 
     </span>
    </p>
   </div>
   <div class='ocr_carea' id='block_1_61' title="bbox 2235 3019 3903 3091">
    <p class='ocr_par' dir='ltr' id='par_1_61' title="bbox 2235 3019 3903 3091">
     <span class='ocr_line' id='line_1_61' title="bbox 2235 3019 3903 3091; baseline 0.001 -16"><span class='ocrx_word' id='word_1_404' title='bbox 2235 3021 2333 3086; x_wconf 88' lang='lat' dir='ltr'><strong>vit,</strong></span> <span class='ocrx_word' id='word_1_405' title='bbox 2367 3021 2462 3075; x_wconf 86' lang='lat' dir='ltr'><strong>sed</strong></span> <span class='ocrx_word' id='word_1_406' title='bbox 2496 3019 2589 3074; x_wconf 93' lang='lat' dir='ltr'><strong>ubi</strong></span> <span class='ocrx_word' id='word_1_407' title='bbox 2619 3019 2868 3090; x_wconf 90' lang='lat' dir='ltr'><strong>primum</strong></span> <span class='ocrx_word' id='word_1_408' title='bbox 2899 3021 3191 3076; x_wconf 88' lang='lat' dir='ltr'><strong>materiam</strong></span> <span class='ocrx_word' id='word_1_409' title='bbox 3224 3028 3467 3091; x_wconf 89' lang='lat' dir='ltr'><strong>quatuor</strong></span> <span class='ocrx_word' id='word_1_410' title='bbox 3509 3021 3570 3076; x_wconf 91' lang='lat' dir='ltr'><strong>in</strong></span> <span class='ocrx_word' id='word_1_411' title='bbox 3604 3022 3903 3078; x_wconf 75' lang='lat' dir='ltr'><strong>elementa</strong></span> 
     </span>
    </p>
   </div>
   <div class='ocr_carea' id='block_1_62' title="bbox 2236 3108 3899 3180">
    <p class='ocr_par' dir='ltr' id='par_1_62' title="bbox 2236 3108 3899 3180">
     <span class='ocr_line' id='line_1_62' title="bbox 2236 3108 3899 3180; baseline 0.002 -16"><span class='ocrx_word' id='word_1_412' title='bbox 2236 3109 2579 3179; x_wconf 87' lang='lat' dir='ltr'><strong>digessisset,</strong></span> <span class='ocrx_word' id='word_1_413' title='bbox 2604 3124 2671 3164; x_wconf 86' lang='lat' dir='ltr'><strong>ex</strong></span> <span class='ocrx_word' id='word_1_414' title='bbox 2715 3108 2830 3164; x_wconf 89' lang='lat' dir='ltr'><strong>illis</strong></span> <span class='ocrx_word' id='word_1_415' title='bbox 2860 3110 3014 3166; x_wconf 90' lang='lat' dir='ltr'><strong>hunc</strong></span> <span class='ocrx_word' id='word_1_416' title='bbox 3063 3125 3232 3180; x_wconf 90' lang='lat' dir='ltr'><strong>quem</strong></span> <span class='ocrx_word' id='word_1_417' title='bbox 3290 3110 3577 3178; x_wconf 84' lang='lat' dir='ltr'><strong>videmus,</strong></span> <span class='ocrx_word' id='word_1_418' title='bbox 3609 3114 3899 3168; x_wconf 84' lang='lat' dir='ltr'><strong>mundum</strong></span> 
     </span>
    </p>
   </div>
   <div class='ocr_carea' id='block_1_63' title="bbox 2236 3198 3899 3258">
    <p class='ocr_par' dir='ltr' id='par_1_63' title="bbox 2236 3198 3899 3258">
     <span class='ocr_line' id='line_1_63' title="bbox 2236 3198 3899 3258; baseline 0.004 -6"><span class='ocrx_word' id='word_1_419' title='bbox 2236 3199 2548 3255; x_wconf 83' lang='lat' dir='ltr'><strong>fabricavit.</strong></span> <span class='ocrx_word' id='word_1_420' title='bbox 2587 3198 2686 3254; x_wconf 88' lang='lat' dir='ltr'><strong>Hic</strong></span> <span class='ocrx_word' id='word_1_421' title='bbox 2717 3214 2849 3255; x_wconf 88' lang='lat' dir='ltr'><strong>vero</strong></span> <span class='ocrx_word' id='word_1_422' title='bbox 2909 3199 3041 3253; x_wconf 90' lang='lat' dir='ltr'><strong>dum</strong></span> <span class='ocrx_word' id='word_1_423' title='bbox 3076 3215 3440 3254; x_wconf 89' lang='lat' dir='ltr'><strong>communem</strong></span> <span class='ocrx_word' id='word_1_424' title='bbox 3487 3200 3661 3256; x_wconf 76' lang='lat' dir='ltr'><strong>nobis</strong></span> <span class='ocrx_word' id='word_1_425' title='bbox 3707 3205 3899 3258; x_wconf 71' lang='lat' dir='ltr'><strong>Vene-</strong></span> 
     </span>
    </p>
   </div>
   <div class='ocr_carea' id='block_1_64' title="bbox 479 3265 3905 3363">
    <p class='ocr_par' dir='ltr' id='par_1_64' title="bbox 479 3265 3905 3363">
     <span class='ocr_line' id='line_1_64' title="bbox 479 3265 3905 3363; baseline 0.002 -23"><span class='ocrx_word' id='word_1_426' title='bbox 479 3288 608 3341; x_wconf 82' lang='lat' dir='ltr'><strong>rat?</strong></span> <span class='ocrx_word' id='word_1_427' title='bbox 638 3265 794 3352; x_wconf 78' lang='lat' dir='ltr'><strong>Quod</strong></span> <span class='ocrx_word' id='word_1_428' title='bbox 829 3288 983 3342; x_wconf 91' lang='lat' dir='ltr'><strong>enim</strong></span> <span class='ocrx_word' id='word_1_429' title='bbox 1001 3288 1130 3358; x_wconf 90' lang='lat' dir='ltr'><strong>quis</strong></span> <span class='ocrx_word' id='word_1_430' title='bbox 1158 3265 1803 3361; x_wconf 78' lang='lat' dir='ltr'><strong>cxpetendumjudicat,</strong></span> <span class='ocrx_word' id='word_1_431' title='bbox 1838 3289 1892 3346; x_wconf 89' lang='lat' dir='ltr'><strong>id</strong></span> <span class='ocrx_word' id='word_1_432' title='bbox 1916 3301 2124 3363; x_wconf 87' lang='lat' dir='ltr'><strong>magna</strong></span> <span class='ocrx_word' id='word_1_433' title='bbox 2153 3265 2203 3330; x_wconf 64' lang='grc' dir='ltr'>υ</span> <span class='ocrx_word' id='word_1_434' title='bbox 2236 3304 2354 3342; x_wconf 88' lang='lat' dir='ltr'><strong>rem</strong></span> <span class='ocrx_word' id='word_1_435' title='bbox 2384 3287 2506 3356; x_wconf 86' lang='lat' dir='ltr'><strong>lege</strong></span> <span class='ocrx_word' id='word_1_436' title='bbox 2535 3289 2831 3358; x_wconf 86' lang='lat' dir='ltr'><strong>permittit,</strong></span> <span class='ocrx_word' id='word_1_437' title='bbox 2868 3304 2972 3344; x_wconf 89' lang='lat' dir='ltr'><strong>nec</strong></span> <span class='ocrx_word' id='word_1_438' title='bbox 2995 3304 3124 3344; x_wconf 91' lang='lat' dir='ltr'><strong>cum</strong></span> <span class='ocrx_word' id='word_1_439' title='bbox 3173 3289 3391 3344; x_wconf 85' lang='lat' dir='ltr'><strong>delectu</strong></span> <span class='ocrx_word' id='word_1_440' title='bbox 3452 3290 3687 3345; x_wconf 78' lang='lat' dir='ltr'><strong>mulieri</strong></span> <span class='ocrx_word' id='word_1_441' title='bbox 3719 3292 3905 3346; x_wconf 72' lang='lat' dir='ltr'><strong>adhes-</strong></span> 
     </span>
    </p>
   </div>
   <div class='ocr_carea' id='block_1_65' title="bbox 479 3375 2120 3449">
    <p class='ocr_par' dir='ltr' id='par_1_65' title="bbox 479 3375 2120 3449">
     <span class='ocr_line' id='line_1_65' title="bbox 479 3375 2120 3449; baseline 0.006 -21"><span class='ocrx_word' id='word_1_442' title='bbox 479 3392 713 3446; x_wconf 88' lang='lat' dir='ltr'><strong>quoquc</strong></span> <span class='ocrx_word' id='word_1_443' title='bbox 761 3375 1061 3446; x_wconf 84' lang='lat' dir='ltr'><strong>diligentia</strong></span> <span class='ocrx_word' id='word_1_444' title='bbox 1107 3377 1493 3447; x_wconf 84' lang='lat' dir='ltr'><strong>prosequitur,</strong></span> <span class='ocrx_word' id='word_1_445' title='bbox 1567 3379 1721 3449; x_wconf 88' lang='lat' dir='ltr'><strong>quod</strong></span> <span class='ocrx_word' id='word_1_446' title='bbox 1764 3395 1895 3436; x_wconf 88' lang='lat' dir='ltr'><strong>vero</strong></span> <span class='ocrx_word' id='word_1_447' title='bbox 1946 3398 2120 3438; x_wconf 87' lang='lat' dir='ltr'><strong>nocu-</strong></span> 
     </span>
    </p>
   </div>
   <div class='ocr_carea' id='block_1_66' title="bbox 480 3465 2122 3536">
    <p class='ocr_par' dir='ltr' id='par_1_66' title="bbox 480 3465 2122 3536">
     <span class='ocr_line' id='line_1_66' title="bbox 480 3465 2122 3536; baseline 0.005 -19"><span class='ocrx_word' id='word_1_448' title='bbox 480 3468 762 3534; x_wconf 88' lang='lat' dir='ltr'><strong>mentum,</strong></span> <span class='ocrx_word' id='word_1_449' title='bbox 814 3468 1089 3534; x_wconf 90' lang='lat' dir='ltr'><strong>tanquam</strong></span> <span class='ocrx_word' id='word_1_450' title='bbox 1141 3465 1254 3520; x_wconf 90' lang='lat' dir='ltr'><strong>sibi</strong></span> <span class='ocrx_word' id='word_1_451' title='bbox 1297 3465 1672 3536; x_wconf 87' lang='lat' dir='ltr'><strong>contrarium,</strong></span> <span class='ocrx_word' id='word_1_452' title='bbox 1713 3470 1917 3526; x_wconf 81' lang='lat' dir='ltr'><strong>att‘erre</strong></span> <span class='ocrx_word' id='word_1_453' title='bbox 1966 3472 2122 3526; x_wconf 88' lang='lat' dir='ltr'><strong>novit</strong></span> 
     </span>
    </p>
   </div>
   <div class='ocr_carea' id='block_1_67' title="bbox 474 3551 2116 3624">
    <p class='ocr_par' dir='ltr' id='par_1_67' title="bbox 474 3551 2116 3624">
     <span class='ocr_line' id='line_1_67' title="bbox 474 3551 2116 3624; baseline 0.005 -17"><span class='ocrx_word' id='word_1_454' title='bbox 474 3553 532 3607; x_wconf 90' lang='lat' dir='ltr'><strong>id</strong></span> <span class='ocrx_word' id='word_1_455' title='bbox 559 3560 870 3618; x_wconf 88' lang='lat' dir='ltr'><strong>aversatur,</strong></span> <span class='ocrx_word' id='word_1_456' title='bbox 906 3569 1012 3610; x_wconf 87' lang='lat' dir='ltr'><strong>nec</strong></span> <span class='ocrx_word' id='word_1_457' title='bbox 1049 3551 1165 3608; x_wconf 89' lang='lat' dir='ltr'><strong>ulla</strong></span> <span class='ocrx_word' id='word_1_458' title='bbox 1223 3569 1454 3624; x_wconf 87' lang='lat' dir='ltr'><strong>prorsus</strong></span> <span class='ocrx_word' id='word_1_459' title='bbox 1500 3555 1784 3613; x_wconf 80' lang='lat' dir='ltr'><strong>affinitate</strong></span> <span class='ocrx_word' id='word_1_460' title='bbox 1829 3558 1938 3613; x_wconf 89' lang='lat' dir='ltr'><strong>sibi</strong></span> <span class='ocrx_word' id='word_1_461' title='bbox 1982 3576 2116 3616; x_wconf 90' lang='lat' dir='ltr'><strong>con-</strong></span> 
     </span>
    </p>
   </div>
   <div class='ocr_carea' id='block_1_68' title="bbox 470 3641 681 3712">
    <p class='ocr_par' dir='ltr' id='par_1_68' title="bbox 470 3641 681 3712">
     <span class='ocr_line' id='line_1_68' title="bbox 470 3641 681 3712; baseline 0.009 -16"><span class='ocrx_word' id='word_1_462' title='bbox 470 3641 681 3712; x_wconf 69' lang='lat' dir='ltr'><strong>jungh.</strong></span> 
     </span>
    </p>
   </div>
   <div class='ocr_carea' id='block_1_69' title="bbox 1171 3754 1424 3811">
    <p class='ocr_par' dir='ltr' id='par_1_69' title="bbox 1171 3754 1424 3811">
     <span class='ocr_line' id='line_1_69' title="bbox 1171 3754 1424 3811; baseline 0.012 -3"><span class='ocrx_word' id='word_1_463' title='bbox 1171 3754 1323 3811; x_wconf 83' lang='lat' dir='ltr'><strong>CAP.</strong></span> <span class='ocrx_word' id='word_1_464' title='bbox 1357 3754 1424 3811; x_wconf 87' lang='lat' dir='ltr'><strong>X.</strong></span> 
     </span>
    </p>
   </div>
   <div class='ocr_carea' id='block_1_70' title="bbox 657 3870 1936 3941">
    <p class='ocr_par' dir='ltr' id='par_1_70' title="bbox 657 3870 1936 3941">
     <span class='ocr_line' id='line_1_70' title="bbox 657 3870 1936 3941; baseline 0.004 -15"><span class='ocrx_word' id='word_1_465' title='bbox 657 3870 881 3927; x_wconf 79' lang='lat' dir='ltr'><strong>Decima</strong></span> <span class='ocrx_word' id='word_1_466' title='bbox 911 3871 1157 3941; x_wconf 64' lang='lat' dir='ltr'><strong>haeresis,</strong></span> <span class='ocrx_word' id='word_1_467' title='bbox 1192 3871 1415 3928; x_wconf 84' lang='lat' dir='ltr'><strong>Prodici</strong></span> <span class='ocrx_word' id='word_1_468' title='bbox 1449 3880 1502 3928; x_wconf 83' lang='lat' dir='ltr'><strong>et</strong></span> <span class='ocrx_word' id='word_1_469' title='bbox 1532 3872 1936 3932; x_wconf 81' lang='lat' dir='ltr'><strong>Adamitarum.</strong></span> 
     </span>
    </p>
   </div>
   <div class='ocr_carea' id='block_1_71' title="bbox 551 3997 2113 4074">
    <p class='ocr_par' dir='ltr' id='par_1_71' title="bbox 551 3997 2113 4074">
     <span class='ocr_line' id='line_1_71' title="bbox 551 3997 2113 4074; baseline 0.006 -22"><span class='ocrx_word' id='word_1_470' title='bbox 551 3997 902 4054; x_wconf 86' lang='lat' dir='ltr'><strong>Platonicam</strong></span> <span class='ocrx_word' id='word_1_471' title='bbox 935 3999 1213 4054; x_wconf 89' lang='lat' dir='ltr'><strong>Prodicus</strong></span> <span class='ocrx_word' id='word_1_472' title='bbox 1269 3998 1637 4069; x_wconf 88' lang='lat' dir='ltr'><strong>disciplinam</strong></span> <span class='ocrx_word' id='word_1_473' title='bbox 1700 4017 1834 4059; x_wconf 89' lang='lat' dir='ltr'><strong>cum</strong></span> <span class='ocrx_word' id='word_1_474' title='bbox 1884 4020 2113 4074; x_wconf 88' lang='lat' dir='ltr'><strong>percur-</strong></span> 
     </span>
    </p>
   </div>
   <div class='ocr_carea' id='block_1_72' title="bbox 477 4087 2117 4158">
    <p class='ocr_par' dir='ltr' id='par_1_72' title="bbox 477 4087 2117 4158">
     <span class='ocr_line' id='line_1_72' title="bbox 477 4087 2117 4158; baseline 0.007 -17"><span class='ocrx_word' id='word_1_475' title='bbox 477 4087 668 4154; x_wconf 87' lang='lat' dir='ltr'><strong>risset,</strong></span> <span class='ocrx_word' id='word_1_476' title='bbox 730 4102 926 4143; x_wconf 76' lang='lat' dir='ltr'><strong>eorum</strong></span> <span class='ocrx_word' id='word_1_477' title='bbox 981 4088 1081 4158; x_wconf 89' lang='lat' dir='ltr'><strong>qui</strong></span> <span class='ocrx_word' id='word_1_478' title='bbox 1144 4088 1424 4144; x_wconf 74' lang='lat' dir='ltr'><strong>Adamita:</strong></span> <span class='ocrx_word' id='word_1_479' title='bbox 1496 4089 1774 4147; x_wconf 85' lang='lat' dir='ltr'><strong>dicuntur</strong></span> <span class='ocrx_word' id='word_1_480' title='bbox 1841 4093 2117 4152; x_wconf 67' lang='lat' dir='ltr'><strong>haereseos</strong></span> 
     </span>
    </p>
   </div>
   <div class='ocr_carea' id='block_1_73' title="bbox 477 4174 2117 4255">
    <p class='ocr_par' dir='ltr' id='par_1_73' title="bbox 477 4174 2117 4255">
     <span class='ocr_line' id='line_1_73' title="bbox 477 4174 2117 4255; baseline 0.005 -24"><span class='ocrx_word' id='word_1_481' title='bbox 477 4184 674 4232; x_wconf 87' lang='lat' dir='ltr'><strong>auctor</strong></span> <span class='ocrx_word' id='word_1_482' title='bbox 733 4174 861 4242; x_wconf 88' lang='lat' dir='ltr'><strong>fuit,</strong></span> <span class='ocrx_word' id='word_1_483' title='bbox 924 4176 1337 4249; x_wconf 86' lang='lat' dir='ltr'><strong>publicamque</strong></span> <span class='ocrx_word' id='word_1_484' title='bbox 1410 4176 1731 4235; x_wconf 79' lang='lat' dir='ltr'><strong>libidinosae</strong></span> <span class='ocrx_word' id='word_1_485' title='bbox 1800 4184 2117 4255; x_wconf 85' lang='lat' dir='ltr'><strong>pruriginis</strong></span> 
     </span>
    </p>
   </div>
   <div class='ocr_carea' id='block_1_74' title="bbox 473 4265 2115 4338">
    <p class='ocr_par' dir='ltr' id='par_1_74' title="bbox 473 4265 2115 4338">
     <span class='ocr_line' id='line_1_74' title="bbox 473 4265 2115 4338; baseline 0.005 -18"><span class='ocrx_word' id='word_1_486' title='bbox 473 4265 763 4321; x_wconf 82' lang='lat' dir='ltr'><strong>licentiam</strong></span> <span class='ocrx_word' id='word_1_487' title='bbox 824 4265 1239 4335; x_wconf 86' lang='lat' dir='ltr'><strong>Carpocraticls</strong></span> <span class='ocrx_word' id='word_1_488' title='bbox 1285 4268 1653 4338; x_wconf 86' lang='lat' dir='ltr'><strong>dogmatibus</strong></span> <span class='ocrx_word' id='word_1_489' title='bbox 1702 4271 1941 4326; x_wconf 87' lang='lat' dir='ltr'><strong>addidit.</strong></span> <span class='ocrx_word' id='word_1_490' title='bbox 1995 4277 2115 4329; x_wconf 82' lang='lat' dir='ltr'><strong>Mu-</strong></span> 
     </span>
    </p>
   </div>
   <div class='ocr_carea' id='block_1_75' title="bbox 474 4353 2114 4429">
    <p class='ocr_par' dir='ltr' id='par_1_75' title="bbox 474 4353 2114 4429">
     <span class='ocr_line' id='line_1_75' title="bbox 474 4353 2114 4429; baseline 0.004 -20"><span class='ocrx_word' id='word_1_491' title='bbox 474 4354 644 4409; x_wconf 88' lang='lat' dir='ltr'><strong>lieres</strong></span> <span class='ocrx_word' id='word_1_492' title='bbox 694 4353 847 4408; x_wconf 90' lang='lat' dir='ltr'><strong>enim</strong></span> <span class='ocrx_word' id='word_1_493' title='bbox 908 4368 1246 4408; x_wconf 87' lang='lat' dir='ltr'><strong>communes</strong></span> <span class='ocrx_word' id='word_1_494' title='bbox 1302 4371 1426 4410; x_wconf 88' lang='lat' dir='ltr'><strong>esse</strong></span> <span class='ocrx_word' id='word_1_495' title='bbox 1485 4355 1750 4424; x_wconf 86' lang='lat' dir='ltr'><strong>sanclvit,</strong></span> <span class='ocrx_word' id='word_1_496' title='bbox 1807 4360 1974 4429; x_wconf 84' lang='lat' dir='ltr'><strong>cujus</strong></span> <span class='ocrx_word' id='word_1_497' title='bbox 2034 4360 2114 4417; x_wconf 87' lang='lat' dir='ltr'><strong>rei</strong></span> 
     </span>
    </p>
   </div>
   <div class='ocr_carea' id='block_1_76' title="bbox 471 4442 2117 4517">
    <p class='ocr_par' dir='ltr' id='par_1_76' title="bbox 471 4442 2117 4517">
     <span class='ocr_line' id='line_1_76' title="bbox 471 4442 2117 4517; baseline 0.005 -19"><span class='ocrx_word' id='word_1_498' title='bbox 471 4442 659 4515; x_wconf 83' lang='lat' dir='ltr'><strong>gratia</strong></span> <span class='ocrx_word' id='word_1_499' title='bbox 687 4459 802 4500; x_wconf 91' lang='lat' dir='ltr'><strong>non</strong></span> <span class='ocrx_word' id='word_1_500' title='bbox 849 4447 1076 4497; x_wconf 86' lang='lat' dir='ltr'><strong>tantum</strong></span> <span class='ocrx_word' id='word_1_501' title='bbox 1127 4443 1374 4513; x_wconf 89' lang='lat' dir='ltr'><strong>publicis</strong></span> <span class='ocrx_word' id='word_1_502' title='bbox 1406 4446 1462 4500; x_wconf 92' lang='lat' dir='ltr'><strong>in</strong></span> <span class='ocrx_word' id='word_1_503' title='bbox 1512 4447 1808 4517; x_wconf 89' lang='lat' dir='ltr'><strong>conviviis,</strong></span> <span class='ocrx_word' id='word_1_504' title='bbox 1866 4447 2117 4508; x_wconf 90' lang='lat' dir='ltr'><strong>lucernis</strong></span> 
     </span>
    </p>
   </div>
   <div class='ocr_carea' id='block_1_77' title="bbox 471 4530 2115 4607">
    <p class='ocr_par' dir='ltr' id='par_1_77' title="bbox 471 4530 2115 4607">
     <span class='ocr_line' id='line_1_77' title="bbox 471 4530 2115 4607; baseline 0.006 -21"><span class='ocrx_word' id='word_1_505' title='bbox 471 4530 772 4586; x_wconf 87' lang='lat' dir='ltr'><strong>confestim</strong></span> <span class='ocrx_word' id='word_1_506' title='bbox 806 4532 1128 4600; x_wconf 83' lang='lat' dir='ltr'><strong>exstinctis,</strong></span> <span class='ocrx_word' id='word_1_507' title='bbox 1163 4533 1221 4587; x_wconf 90' lang='lat' dir='ltr'><strong>in</strong></span> <span class='ocrx_word' id='word_1_508' title='bbox 1281 4549 1693 4606; x_wconf 87' lang='lat' dir='ltr'><strong>quamcunque</strong></span> <span class='ocrx_word' id='word_1_509' title='bbox 1738 4539 1922 4607; x_wconf 89' lang='lat' dir='ltr'><strong>quivis</strong></span> <span class='ocrx_word' id='word_1_510' title='bbox 1970 4540 2115 4596; x_wconf 91' lang='lat' dir='ltr'><strong>inci-</strong></span> 
     </span>
    </p>
   </div>
   <div class='ocr_carea' id='block_1_78' title="bbox 2236 3377 3900 3448">
    <p class='ocr_par' dir='ltr' id='par_1_78' title="bbox 2236 3377 3900 3448">
     <span class='ocr_line' id='line_1_78' title="bbox 2236 3377 3900 3448; baseline 0.002 -16"><span class='ocrx_word' id='word_1_511' title='bbox 2236 3379 2473 3433; x_wconf 90' lang='lat' dir='ltr'><strong>rendum</strong></span> <span class='ocrx_word' id='word_1_512' title='bbox 2508 3378 2693 3443; x_wconf 87' lang='lat' dir='ltr'><strong>tradit,</strong></span> <span class='ocrx_word' id='word_1_513' title='bbox 2733 3384 2790 3433; x_wconf 90' lang='lat' dir='ltr'><strong>et</strong></span> <span class='ocrx_word' id='word_1_514' title='bbox 2819 3385 3006 3448; x_wconf 87' lang='lat' dir='ltr'><strong>patres</strong></span> <span class='ocrx_word' id='word_1_515' title='bbox 3054 3377 3217 3433; x_wconf 88' lang='lat' dir='ltr'><strong>nobis</strong></span> <span class='ocrx_word' id='word_1_516' title='bbox 3267 3386 3489 3434; x_wconf 88' lang='lat' dir='ltr'><strong>nostros</strong></span> <span class='ocrx_word' id='word_1_517' title='bbox 3543 3380 3788 3448; x_wconf 79' lang='lat' dir='ltr'><strong>invidet,</strong></span> <span class='ocrx_word' id='word_1_518' title='bbox 3846 3389 3900 3436; x_wconf 78' lang='lat' dir='ltr'><strong>et</strong></span> 
     </span>
    </p>
   </div>
   <div class='ocr_carea' id='block_1_79' title="bbox 2233 3467 3901 3540">
    <p class='ocr_par' dir='ltr' id='par_1_79' title="bbox 2233 3467 3901 3540">
     <span class='ocr_line' id='line_1_79' title="bbox 2233 3467 3901 3540; baseline 0.002 -18"><span class='ocrx_word' id='word_1_519' title='bbox 2233 3483 2414 3537; x_wconf 85' lang='lat' dir='ltr'><strong>genus</strong></span> <span class='ocrx_word' id='word_1_520' title='bbox 2473 3467 2804 3537; x_wconf 84' lang='lat' dir='ltr'><strong>ambiguum</strong></span> <span class='ocrx_word' id='word_1_521' title='bbox 2872 3467 3374 3540; x_wconf 86' lang='lat' dir='ltr'><strong>promiscuumque</strong></span> <span class='ocrx_word' id='word_1_522' title='bbox 3429 3470 3670 3524; x_wconf 79' lang='lat' dir='ltr'><strong>statuit:</strong></span> <span class='ocrx_word' id='word_1_523' title='bbox 3708 3471 3782 3525; x_wconf 81' lang='lat' dir='ltr'><strong>ita</strong></span> <span class='ocrx_word' id='word_1_524' title='bbox 3841 3477 3901 3525; x_wconf 87' lang='lat' dir='ltr'><strong>ut</strong></span> 
     </span>
    </p>
   </div>
   <div class='ocr_carea' id='block_1_80' title="bbox 2232 3556 3897 3631">
    <p class='ocr_par' dir='ltr' id='par_1_80' title="bbox 2232 3556 3897 3631">
     <span class='ocr_line' id='line_1_80' title="bbox 2232 3556 3897 3631; baseline 0.004 -22"><span class='ocrx_word' id='word_1_525' title='bbox 2232 3556 2325 3612; x_wconf 76' lang='lat' dir='ltr'><strong>vix</strong></span> <span class='ocrx_word' id='word_1_526' title='bbox 2358 3557 2625 3627; x_wconf 88' lang='lat' dir='ltr'><strong>cuiquam</strong></span> <span class='ocrx_word' id='word_1_527' title='bbox 2660 3558 3021 3614; x_wconf 87' lang='lat' dir='ltr'><strong>innotescere</strong></span> <span class='ocrx_word' id='word_1_528' title='bbox 3052 3566 3239 3629; x_wconf 84' lang='lat' dir='ltr'><strong>queat,</strong></span> <span class='ocrx_word' id='word_1_529' title='bbox 3263 3573 3335 3612; x_wconf 88' lang='lat' dir='ltr'><strong>an</strong></span> <span class='ocrx_word' id='word_1_530' title='bbox 3371 3559 3465 3614; x_wconf 90' lang='lat' dir='ltr'><strong>hic</strong></span> <span class='ocrx_word' id='word_1_531' title='bbox 3495 3564 3665 3631; x_wconf 77' lang='lat' dir='ltr'><strong>parte</strong></span> <span class='ocrx_word' id='word_1_532' title='bbox 3698 3561 3897 3616; x_wconf 71' lang='lat' dir='ltr'><strong>Graeco</strong></span> 
     </span>
    </p>
   </div>
   <div class='ocr_carea' id='block_1_81' title="bbox 2234 3645 3900 3715">
    <p class='ocr_par' dir='ltr' id='par_1_81' title="bbox 2234 3645 3900 3715">
     <span class='ocr_line' id='line_1_81' title="bbox 2234 3645 3900 3715; baseline 0.004 -15"><span class='ocrx_word' id='word_1_533' title='bbox 2234 3652 2404 3700; x_wconf 86' lang='lat' dir='ltr'><strong>natus</strong></span> <span class='ocrx_word' id='word_1_534' title='bbox 2452 3645 2638 3715; x_wconf 85' lang='lat' dir='ltr'><strong>fuerit,</strong></span> <span class='ocrx_word' id='word_1_535' title='bbox 2669 3662 2742 3701; x_wconf 91' lang='lat' dir='ltr'><strong>an</strong></span> <span class='ocrx_word' id='word_1_536' title='bbox 2803 3663 2932 3702; x_wconf 79' lang='lat' dir='ltr'><strong>vero</strong></span> <span class='ocrx_word' id='word_1_537' title='bbox 2982 3647 3078 3702; x_wconf 89' lang='lat' dir='ltr'><strong>ille</strong></span> <span class='ocrx_word' id='word_1_538' title='bbox 3135 3664 3202 3703; x_wconf 85' lang='lat' dir='ltr'><strong>ex</strong></span> <span class='ocrx_word' id='word_1_539' title='bbox 3257 3647 3513 3704; x_wconf 85' lang='lat' dir='ltr'><strong>barbaris</strong></span> <span class='ocrx_word' id='word_1_540' title='bbox 3561 3652 3900 3706; x_wconf 78' lang='lat' dir='ltr'><strong>Amaxobiis</strong></span> 
     </span>
    </p>
   </div>
   <div class='ocr_carea' id='block_1_82' title="bbox 2232 3734 3894 3808">
    <p class='ocr_par' dir='ltr' id='par_1_82' title="bbox 2232 3734 3894 3808">
     <span class='ocr_line' id='line_1_82' title="bbox 2232 3734 3894 3808; baseline 0.002 -19"><span class='ocrx_word' id='word_1_541' title='bbox 2232 3740 2285 3789; x_wconf 89' lang='lat' dir='ltr'><strong>et</strong></span> <span class='ocrx_word' id='word_1_542' title='bbox 2314 3734 2710 3806; x_wconf 85' lang='lat' dir='ltr'><strong>Hippomulgis</strong></span> <span class='ocrx_word' id='word_1_543' title='bbox 2760 3742 2944 3790; x_wconf 89' lang='lat' dir='ltr'><strong>ortum</strong></span> <span class='ocrx_word' id='word_1_544' title='bbox 2978 3735 3261 3792; x_wconf 88' lang='lat' dir='ltr'><strong>habuerit.</strong></span> <span class='ocrx_word' id='word_1_545' title='bbox 3296 3743 3403 3793; x_wconf 83' lang='lat' dir='ltr'><strong>Per</strong></span> <span class='ocrx_word' id='word_1_546' title='bbox 3456 3745 3509 3794; x_wconf 90' lang='lat' dir='ltr'><strong>te</strong></span> <span class='ocrx_word' id='word_1_547' title='bbox 3558 3755 3693 3795; x_wconf 80' lang='lat' dir='ltr'><strong>vero</strong></span> <span class='ocrx_word' id='word_1_548' title='bbox 3724 3739 3894 3808; x_wconf 87' lang='lat' dir='ltr'><strong>mihi,</strong></span> 
     </span>
    </p>
   </div>
   <div class='ocr_carea' id='block_1_83' title="bbox 2231 3823 3893 3895">
    <p class='ocr_par' dir='ltr' id='par_1_83' title="bbox 2231 3823 3893 3895">
     <span class='ocr_line' id='line_1_83' title="bbox 2231 3823 3893 3895; baseline 0.005 -19"><span class='ocrx_word' id='word_1_549' title='bbox 2231 3835 2439 3893; x_wconf 63' lang='lat' dir='ltr'><strong>quaeso,</strong></span> <span class='ocrx_word' id='word_1_550' title='bbox 2475 3823 2650 3892; x_wconf 88' lang='lat' dir='ltr'><strong>patris</strong></span> <span class='ocrx_word' id='word_1_551' title='bbox 2697 3824 2932 3880; x_wconf 87' lang='lat' dir='ltr'><strong>nomine</strong></span> <span class='ocrx_word' id='word_1_552' title='bbox 2994 3824 3102 3880; x_wconf 86' lang='lat' dir='ltr'><strong>frui</strong></span> <span class='ocrx_word' id='word_1_553' title='bbox 3150 3825 3338 3891; x_wconf 85' lang='lat' dir='ltr'><strong>liceat,</strong></span> <span class='ocrx_word' id='word_1_554' title='bbox 3400 3829 3893 3895; x_wconf 86' lang='lat' dir='ltr'><strong>quemadmodum</strong></span> 
     </span>
    </p>
   </div>
   <div class='ocr_carea' id='block_1_84' title="bbox 2231 3913 3899 3984">
    <p class='ocr_par' dir='ltr' id='par_1_84' title="bbox 2231 3913 3899 3984">
     <span class='ocr_line' id='line_1_84' title="bbox 2231 3913 3899 3984; baseline 0.005 -18"><span class='ocrx_word' id='word_1_555' title='bbox 2231 3919 2288 3967; x_wconf 90' lang='lat' dir='ltr'><strong>tu</strong></span> <span class='ocrx_word' id='word_1_556' title='bbox 2321 3913 2379 3967; x_wconf 88' lang='lat' dir='ltr'><strong>in</strong></span> <span class='ocrx_word' id='word_1_557' title='bbox 2413 3913 2749 3968; x_wconf 89' lang='lat' dir='ltr'><strong>hodiernum</strong></span> <span class='ocrx_word' id='word_1_558' title='bbox 2786 3928 2967 3984; x_wconf 87' lang='lat' dir='ltr'><strong>usque</strong></span> <span class='ocrx_word' id='word_1_559' title='bbox 3012 3915 3160 3970; x_wconf 90' lang='lat' dir='ltr'><strong>diem</strong></span> <span class='ocrx_word' id='word_1_560' title='bbox 3226 3916 3378 3970; x_wconf 82' lang='lat' dir='ltr'><strong>ﬁlius</strong></span> <span class='ocrx_word' id='word_1_561' title='bbox 3408 3918 3689 3973; x_wconf 80' lang='lat' dir='ltr'><strong>Aristonis</strong></span> <span class='ocrx_word' id='word_1_562' title='bbox 3734 3919 3899 3974; x_wconf 83' lang='lat' dir='ltr'><strong>dice-</strong></span> 
     </span>
    </p>
   </div>
   <div class='ocr_carea' id='block_1_85' title="bbox 2231 4002 3894 4076">
    <p class='ocr_par' dir='ltr' id='par_1_85' title="bbox 2231 4002 3894 4076">
     <span class='ocr_line' id='line_1_85' title="bbox 2231 4002 3894 4076; baseline 0.004 -19"><span class='ocrx_word' id='word_1_563' title='bbox 2231 4002 2330 4070; x_wconf 87' lang='lat' dir='ltr'><strong>ris,</strong></span> <span class='ocrx_word' id='word_1_564' title='bbox 2365 4017 2470 4058; x_wconf 91' lang='lat' dir='ltr'><strong>nec</strong></span> <span class='ocrx_word' id='word_1_565' title='bbox 2501 4002 2573 4057; x_wconf 87' lang='lat' dir='ltr'><strong>ab</strong></span> <span class='ocrx_word' id='word_1_566' title='bbox 2605 4019 2666 4058; x_wconf 90' lang='lat' dir='ltr'><strong>re</strong></span> <span class='ocrx_word' id='word_1_567' title='bbox 2695 4003 3100 4059; x_wconf 86' lang='lat' dir='ltr'><strong>denominaris.</strong></span> <span class='ocrx_word' id='word_1_568' title='bbox 3123 4004 3240 4061; x_wconf 88' lang='lat' dir='ltr'><strong>Nec</strong></span> <span class='ocrx_word' id='word_1_569' title='bbox 3268 4021 3336 4060; x_wconf 85' lang='lat' dir='ltr'><strong>ea</strong></span> <span class='ocrx_word' id='word_1_570' title='bbox 3365 4015 3519 4062; x_wconf 84' lang='lat' dir='ltr'><strong>certe</strong></span> <span class='ocrx_word' id='word_1_571' title='bbox 3547 4009 3894 4076; x_wconf 79' lang='lat' dir='ltr'><strong>animantia,</strong></span> 
     </span>
    </p>
   </div>
   <div class='ocr_carea' id='block_1_86' title="bbox 2232 4090 3896 4164">
    <p class='ocr_par' dir='ltr' id='par_1_86' title="bbox 2232 4090 3896 4164">
     <span class='ocr_line' id='line_1_86' title="bbox 2232 4090 3896 4164; baseline 0.005 -19"><span class='ocrx_word' id='word_1_572' title='bbox 2232 4090 2435 4161; x_wconf 90' lang='lat' dir='ltr'><strong>quibus</strong></span> <span class='ocrx_word' id='word_1_573' title='bbox 2460 4090 2630 4146; x_wconf 86' lang='lat' dir='ltr'><strong>insita</strong></span> <span class='ocrx_word' id='word_1_574' title='bbox 2661 4093 2802 4147; x_wconf 87' lang='lat' dir='ltr'><strong>ratio</strong></span> <span class='ocrx_word' id='word_1_575' title='bbox 2834 4100 2936 4160; x_wconf 90' lang='lat' dir='ltr'><strong>est,</strong></span> <span class='ocrx_word' id='word_1_576' title='bbox 2968 4093 3264 4164; x_wconf 88' lang='lat' dir='ltr'><strong>quibusvis</strong></span> <span class='ocrx_word' id='word_1_577' title='bbox 3315 4096 3655 4152; x_wconf 89' lang='lat' dir='ltr'><strong>mulieribus</strong></span> <span class='ocrx_word' id='word_1_578' title='bbox 3691 4114 3896 4154; x_wconf 83' lang='lat' dir='ltr'><strong>semen</strong></span> 
     </span>
    </p>
   </div>
   <div class='ocr_carea' id='block_1_87' title="bbox 2231 4179 3899 4256">
    <p class='ocr_par' dir='ltr' id='par_1_87' title="bbox 2231 4179 3899 4256">
     <span class='ocr_line' id='line_1_87' title="bbox 2231 4179 3899 4256; baseline 0.005 -22"><span class='ocrx_word' id='word_1_579' title='bbox 2231 4179 2587 4235; x_wconf 88' lang='lat' dir='ltr'><strong>committere</strong></span> <span class='ocrx_word' id='word_1_580' title='bbox 2617 4181 2819 4250; x_wconf 86' lang='lat' dir='ltr'><strong>solent,</strong></span> <span class='ocrx_word' id='word_1_581' title='bbox 2841 4182 2936 4236; x_wconf 89' lang='lat' dir='ltr'><strong>sed</strong></span> <span class='ocrx_word' id='word_1_582' title='bbox 2987 4182 3079 4238; x_wconf 88' lang='lat' dir='ltr'><strong>his</strong></span> <span class='ocrx_word' id='word_1_583' title='bbox 3109 4199 3334 4254; x_wconf 88' lang='lat' dir='ltr'><strong>quoque</strong></span> <span class='ocrx_word' id='word_1_584' title='bbox 3365 4185 3448 4240; x_wconf 82' lang='lat' dir='ltr'><strong>vis</strong></span> <span class='ocrx_word' id='word_1_585' title='bbox 3480 4187 3749 4256; x_wconf 67' lang='lat' dir='ltr'><strong>quaedam</strong></span> <span class='ocrx_word' id='word_1_586' title='bbox 3804 4189 3899 4243; x_wconf 87' lang='lat' dir='ltr'><strong>in-</strong></span> 
     </span>
    </p>
   </div>
   <div class='ocr_carea' id='block_1_88' title="bbox 2230 4274 3900 4341">
    <p class='ocr_par' dir='ltr' id='par_1_88' title="bbox 2230 4274 3900 4341">
     <span class='ocr_line' id='line_1_88' title="bbox 2230 4274 3900 4341; baseline 0.005 -18"><span class='ocrx_word' id='word_1_587' title='bbox 2230 4275 2333 4335; x_wconf 92' lang='lat' dir='ltr'><strong>est,</strong></span> <span class='ocrx_word' id='word_1_588' title='bbox 2377 4283 2489 4341; x_wconf 82' lang='lat' dir='ltr'><strong>qua</strong></span> <span class='ocrx_word' id='word_1_589' title='bbox 2543 4286 2795 4326; x_wconf 89' lang='lat' dir='ltr'><strong>amorem</strong></span> <span class='ocrx_word' id='word_1_590' title='bbox 2857 4280 3125 4338; x_wconf 84' lang='lat' dir='ltr'><strong>respuant</strong></span> <span class='ocrx_word' id='word_1_591' title='bbox 3175 4279 3231 4327; x_wconf 90' lang='lat' dir='ltr'><strong>et</strong></span> <span class='ocrx_word' id='word_1_592' title='bbox 3288 4274 3566 4330; x_wconf 79' lang='lat' dir='ltr'><strong>devitant.</strong></span> <span class='ocrx_word' id='word_1_593' title='bbox 3629 4280 3761 4332; x_wconf 74' lang='lat' dir='ltr'><strong>Non</strong></span> <span class='ocrx_word' id='word_1_594' title='bbox 3823 4278 3900 4332; x_wconf 82' lang='lat' dir='ltr'><strong>ita</strong></span> 
     </span>
    </p>
   </div>
   <div class='ocr_carea' id='block_1_89' title="bbox 2234 4359 3898 4425">
    <p class='ocr_par' dir='ltr' id='par_1_89' title="bbox 2234 4359 3898 4425">
     <span class='ocr_line' id='line_1_89' title="bbox 2234 4359 3898 4425; baseline 0.005 -14"><span class='ocrx_word' id='word_1_595' title='bbox 2234 4363 2426 4425; x_wconf 89' lang='lat' dir='ltr'><strong>Draco,</strong></span> <span class='ocrx_word' id='word_1_596' title='bbox 2463 4375 2577 4414; x_wconf 90' lang='lat' dir='ltr'><strong>non</strong></span> <span class='ocrx_word' id='word_1_597' title='bbox 2623 4360 2704 4413; x_wconf 86' lang='lat' dir='ltr'><strong>ita</strong></span> <span class='ocrx_word' id='word_1_598' title='bbox 2749 4359 2920 4415; x_wconf 90' lang='lat' dir='ltr'><strong>Solon</strong></span> <span class='ocrx_word' id='word_1_599' title='bbox 2985 4361 3135 4415; x_wconf 90' lang='lat' dir='ltr'><strong>cives</strong></span> <span class='ocrx_word' id='word_1_600' title='bbox 3194 4363 3271 4417; x_wconf 90' lang='lat' dir='ltr'><strong>tui</strong></span> <span class='ocrx_word' id='word_1_601' title='bbox 3331 4378 3461 4417; x_wconf 87' lang='lat' dir='ltr'><strong>suas</strong></span> <span class='ocrx_word' id='word_1_602' title='bbox 3511 4366 3898 4422; x_wconf 83' lang='lat' dir='ltr'><strong>sanciverunl</strong></span> 
     </span>
    </p>
   </div>
   <div class='ocr_carea' id='block_1_90' title="bbox 2229 4446 3898 4523">
    <p class='ocr_par' dir='ltr' id='par_1_90' title="bbox 2229 4446 3898 4523">
     <span class='ocr_line' id='line_1_90' title="bbox 2229 4446 3898 4523; baseline 0.006 -22"><span class='ocrx_word' id='word_1_603' title='bbox 2229 4447 2400 4517; x_wconf 77' lang='lat' dir='ltr'><strong>leges,</strong></span> <span class='ocrx_word' id='word_1_604' title='bbox 2457 4448 2551 4503; x_wconf 89' lang='lat' dir='ltr'><strong>sed</strong></span> <span class='ocrx_word' id='word_1_605' title='bbox 2613 4446 2792 4504; x_wconf 88' lang='lat' dir='ltr'><strong>lectos</strong></span> <span class='ocrx_word' id='word_1_606' title='bbox 2853 4449 3260 4517; x_wconf 81' lang='lat' dir='ltr'><strong>distinxerunt,</strong></span> <span class='ocrx_word' id='word_1_607' title='bbox 3305 4467 3500 4521; x_wconf 77' lang='lat' dir='ltr'><strong>pmnas</strong></span> <span class='ocrx_word' id='word_1_608' title='bbox 3562 4455 3898 4523; x_wconf 41' lang='lat' dir='ltr'><strong>rapte-ribus</strong></span> 
     </span>
    </p>
   </div>
   <div class='ocr_carea' id='block_1_91' title="bbox 2230 4536 3897 4609">
    <p class='ocr_par' dir='ltr' id='par_1_91' title="bbox 2230 4536 3897 4609">
     <span class='ocr_line' id='line_1_91' title="bbox 2230 4536 3897 4609; baseline 0.004 -17"><span class='ocrx_word' id='word_1_609' title='bbox 2230 4537 2509 4607; x_wconf 84' lang='lat' dir='ltr'><strong>virginum</strong></span> <span class='ocrx_word' id='word_1_610' title='bbox 2542 4536 2882 4607; x_wconf 83' lang='lat' dir='ltr'><strong>irrogarunt,</strong></span> <span class='ocrx_word' id='word_1_611' title='bbox 2918 4537 3200 4609; x_wconf 87' lang='lat' dir='ltr'><strong>supplicio</strong></span> <span class='ocrx_word' id='word_1_612' title='bbox 3260 4539 3388 4596; x_wconf 92' lang='lat' dir='ltr'><strong>illos</strong></span> <span class='ocrx_word' id='word_1_613' title='bbox 3440 4546 3703 4598; x_wconf 85' lang='lat' dir='ltr'><strong>extremo</strong></span> <span class='ocrx_word' id='word_1_614' title='bbox 3739 4544 3897 4598; x_wconf 88' lang='lat' dir='ltr'><strong>mul-</strong></span> 
     </span>
    </p>
   </div>
   <div class='ocr_carea' id='block_1_92' title="bbox 471 4615 3894 4699">
    <p class='ocr_par' dir='ltr' id='par_1_92' title="bbox 471 4615 3894 4699">
     <span class='ocr_line' id='line_1_92' title="bbox 471 4615 3894 4699; baseline 0.005 -26"><span class='ocrx_word' id='word_1_615' title='bbox 471 4620 670 4685; x_wconf 88' lang='lat' dir='ltr'><strong>disset,</strong></span> <span class='ocrx_word' id='word_1_616' title='bbox 704 4635 830 4673; x_wconf 92' lang='lat' dir='ltr'><strong>eam</strong></span> <span class='ocrx_word' id='word_1_617' title='bbox 864 4619 1299 4688; x_wconf 85' lang='lat' dir='ltr'><strong>comprimebat,</strong></span> <span class='ocrx_word' id='word_1_618' title='bbox 1363 4622 1460 4676; x_wconf 88' lang='lat' dir='ltr'><strong>sed</strong></span> <span class='ocrx_word' id='word_1_619' title='bbox 1511 4623 1838 4693; x_wconf 89' lang='lat' dir='ltr'><strong>hujusmodi</strong></span> <span class='ocrx_word' id='word_1_620' title='bbox 1883 4641 2116 4699; x_wconf 88' lang='lat' dir='ltr'><strong>quoque</strong></span> <span class='ocrx_word' id='word_1_621' title='bbox 2146 4615 2192 4684; x_wconf 88' lang='lat' dir='ltr'><strong>D</strong></span> <span class='ocrx_word' id='word_1_622' title='bbox 2227 4630 2435 4693; x_wconf 85' lang='lat' dir='ltr'><strong>larunt,</strong></span> <span class='ocrx_word' id='word_1_623' title='bbox 2469 4626 2800 4699; x_wconf 87' lang='lat' dir='ltr'><strong>quicunque</strong></span> <span class='ocrx_word' id='word_1_624' title='bbox 2830 4628 2944 4682; x_wconf 90' lang='lat' dir='ltr'><strong>vim</strong></span> <span class='ocrx_word' id='word_1_625' title='bbox 2977 4628 3253 4684; x_wconf 86' lang='lat' dir='ltr'><strong>thalamis</strong></span> <span class='ocrx_word' id='word_1_626' title='bbox 3303 4629 3592 4686; x_wconf 86' lang='lat' dir='ltr'><strong>inferrent</strong></span> <span class='ocrx_word' id='word_1_627' title='bbox 3648 4633 3894 4698; x_wconf 78' lang='lat' dir='ltr'><strong>alienis,</strong></span> 
     </span>
    </p>
   </div>
   <div class='ocr_carea' id='block_1_93' title="bbox 471 4706 2112 4789">
    <p class='ocr_par' dir='ltr' id='par_1_93' title="bbox 471 4706 2112 4789">
     <span class='ocr_line' id='line_1_93' title="bbox 471 4706 2112 4789; baseline 0.007 -27"><span class='ocrx_word' id='word_1_628' title='bbox 471 4706 895 4777; x_wconf 87' lang='lat' dir='ltr'><strong>turpitudinem</strong></span> <span class='ocrx_word' id='word_1_629' title='bbox 921 4708 1148 4779; x_wconf 82' lang='lat' dir='ltr'><strong>mystici</strong></span> <span class='ocrx_word' id='word_1_630' title='bbox 1179 4708 1447 4764; x_wconf 75' lang='lat' dir='ltr'><strong>sacriﬁcii</strong></span> <span class='ocrx_word' id='word_1_631' title='bbox 1476 4709 1599 4767; x_wconf 91' lang='lat' dir='ltr'><strong>loco</strong></span> <span class='ocrx_word' id='word_1_632' title='bbox 1624 4711 1891 4770; x_wconf 87' lang='lat' dir='ltr'><strong>habebat.</strong></span> <span class='ocrx_word' id='word_1_633' title='bbox 1926 4721 2112 4789; x_wconf 77' lang='lat' dir='ltr'><strong>Atque</strong></span> 
     </span>
    </p>
   </div>
   <div class='ocr_carea' id='block_1_94' title="bbox 474 4795 2112 4870">
    <p class='ocr_par' dir='ltr' id='par_1_94' title="bbox 474 4795 2112 4870">
     <span class='ocr_line' id='line_1_94' title="bbox 474 4795 2112 4870; baseline 0.007 -18"><span class='ocrx_word' id='word_1_634' title='bbox 474 4798 649 4868; x_wconf 85' lang='lat' dir='ltr'><strong>hujus</strong></span> <span class='ocrx_word' id='word_1_635' title='bbox 681 4795 761 4852; x_wconf 89' lang='lat' dir='ltr'><strong>rei</strong></span> <span class='ocrx_word' id='word_1_636' title='bbox 806 4801 1015 4852; x_wconf 87' lang='lat' dir='ltr'><strong>testem</strong></span> <span class='ocrx_word' id='word_1_637' title='bbox 1067 4796 1442 4868; x_wconf 86' lang='lat' dir='ltr'><strong>Clementem,</strong></span> <span class='ocrx_word' id='word_1_638' title='bbox 1502 4801 1599 4870; x_wconf 89' lang='lat' dir='ltr'><strong>qui</strong></span> <span class='ocrx_word' id='word_1_639' title='bbox 1659 4803 1946 4860; x_wconf 88' lang='lat' dir='ltr'><strong>Stromata</strong></span> <span class='ocrx_word' id='word_1_640' title='bbox 1976 4821 2112 4863; x_wconf 90' lang='lat' dir='ltr'><strong>con-</strong></span> 
     </span>
    </p>
   </div>
   <div class='ocr_carea' id='block_1_95' title="bbox 471 4887 2114 4967">
    <p class='ocr_par' dir='ltr' id='par_1_95' title="bbox 471 4887 2114 4967">
     <span class='ocr_line' id='line_1_95' title="bbox 471 4887 2114 4967; baseline 0.004 -23"><span class='ocrx_word' id='word_1_641' title='bbox 471 4887 703 4960; x_wconf 87' lang='lat' dir='ltr'><strong>scripsit</strong></span> <span class='ocrx_word' id='word_1_642' title='bbox 733 4888 868 4959; x_wconf 57' lang='grc' dir='ltr'><strong>(4η),</strong></span> <span class='ocrx_word' id='word_1_643' title='bbox 901 4894 1192 4943; x_wconf 89' lang='lat' dir='ltr'><strong>auctorem</strong></span> <span class='ocrx_word' id='word_1_644' title='bbox 1226 4887 1437 4957; x_wconf 88' lang='lat' dir='ltr'><strong>citabo,</strong></span> <span class='ocrx_word' id='word_1_645' title='bbox 1470 4905 1695 4946; x_wconf 89' lang='lat' dir='ltr'><strong>sacrum</strong></span> <span class='ocrx_word' id='word_1_646' title='bbox 1729 4892 1938 4962; x_wconf 89' lang='lat' dir='ltr'><strong>virum,</strong></span> <span class='ocrx_word' id='word_1_647' title='bbox 1982 4896 2114 4967; x_wconf 89' lang='lat' dir='ltr'><strong>qui-</strong></span> 
     </span>
    </p>
   </div>
   <div class='ocr_carea' id='block_1_96' title="bbox 471 4975 2114 5050">
    <p class='ocr_par' dir='ltr' id='par_1_96' title="bbox 471 4975 2114 5050">
     <span class='ocr_line' id='line_1_96' title="bbox 471 4975 2114 5050; baseline 0.004 -15"><span class='ocrx_word' id='word_1_648' title='bbox 471 4995 577 5050; x_wconf 91' lang='lat' dir='ltr'><strong>que</strong></span> <span class='ocrx_word' id='word_1_649' title='bbox 609 4995 806 5034; x_wconf 88' lang='lat' dir='ltr'><strong>rerum</strong></span> <span class='ocrx_word' id='word_1_650' title='bbox 846 4975 1163 5032; x_wconf 88' lang='lat' dir='ltr'><strong>multarum</strong></span> <span class='ocrx_word' id='word_1_651' title='bbox 1193 4976 1391 5046; x_wconf 89' lang='lat' dir='ltr'><strong>peritia</strong></span> <span class='ocrx_word' id='word_1_652' title='bbox 1443 4987 1675 5037; x_wconf 85' lang='lat' dir='ltr'><strong>caeteros</strong></span> <span class='ocrx_word' id='word_1_653' title='bbox 1714 4999 1911 5039; x_wconf 89' lang='lat' dir='ltr'><strong>omnes</strong></span> <span class='ocrx_word' id='word_1_654' title='bbox 1941 5001 2114 5042; x_wconf 84' lang='lat' dir='ltr'><strong>exsu-</strong></span> 
     </span>
    </p>
   </div>
   <div class='ocr_carea' id='block_1_97' title="bbox 466 5065 2106 5145">
    <p class='ocr_par' dir='ltr' id='par_1_97' title="bbox 466 5065 2106 5145">
     <span class='ocr_line' id='line_1_97' title="bbox 466 5065 2106 5145; baseline 0.001 -20"><span class='ocrx_word' id='word_1_655' title='bbox 466 5073 646 5140; x_wconf 88' lang='lat' dir='ltr'><strong>peret,</strong></span> <span class='ocrx_word' id='word_1_656' title='bbox 681 5069 850 5139; x_wconf 89' lang='lat' dir='ltr'><strong>cujus</strong></span> <span class='ocrx_word' id='word_1_657' title='bbox 901 5067 958 5121; x_wconf 92' lang='lat' dir='ltr'><strong>in</strong></span> <span class='ocrx_word' id='word_1_658' title='bbox 1012 5065 1342 5122; x_wconf 85' lang='lat' dir='ltr'><strong>Stromaton</strong></span> <span class='ocrx_word' id='word_1_659' title='bbox 1405 5069 1569 5125; x_wconf 90' lang='lat' dir='ltr'><strong>tertio</strong></span> <span class='ocrx_word' id='word_1_660' title='bbox 1631 5068 1750 5127; x_wconf 60' lang='lat' dir='ltr'><strong>haec</strong></span> <span class='ocrx_word' id='word_1_661' title='bbox 1795 5071 2106 5145; x_wconf 84' lang='lat' dir='ltr'><strong>leguntur:</strong></span> 
     </span>
    </p>
   </div>
   <div class='ocr_carea' id='block_1_98' title="bbox 465 5154 2107 5233">
    <p class='ocr_par' dir='ltr' id='par_1_98' title="bbox 465 5154 2107 5233">
     <span class='ocr_line' id='line_1_98' title="bbox 465 5154 2107 5233; baseline 0.005 -19"><span class='ocrx_word' id='word_1_662' title='bbox 465 5159 617 5214; x_wconf 86' lang='lat' dir='ltr'><strong>Sunt</strong></span> <span class='ocrx_word' id='word_1_663' title='bbox 649 5174 818 5228; x_wconf 89' lang='lat' dir='ltr'><strong>porro</strong></span> <span class='ocrx_word' id='word_1_664' title='bbox 859 5154 958 5228; x_wconf 91' lang='lat' dir='ltr'><strong>qui</strong></span> <span class='ocrx_word' id='word_1_665' title='bbox 1004 5155 1321 5226; x_wconf 89' lang='lat' dir='ltr'><strong>publicam,</strong></span> <span class='ocrx_word' id='word_1_666' title='bbox 1373 5161 1429 5213; x_wconf 87' lang='lat' dir='ltr'><strong>et</strong></span> <span class='ocrx_word' id='word_1_667' title='bbox 1479 5159 1752 5217; x_wconf 89' lang='lat' dir='ltr'><strong>omnibus</strong></span> <span class='ocrx_word' id='word_1_668' title='bbox 1792 5164 2107 5233; x_wconf 87' lang='lat' dir='ltr'><strong>expositam</strong></span> 
     </span>
    </p>
   </div>
   <div class='ocr_carea' id='block_1_99' title="bbox 461 5246 2106 5325">
    <p class='ocr_par' dir='ltr' id='par_1_99' title="bbox 461 5246 2106 5325">
     <span class='ocr_line' id='line_1_99' title="bbox 461 5246 2106 5325; baseline 0.008 -27"><span class='ocrx_word' id='word_1_669' title='bbox 461 5246 742 5304; x_wconf 85' lang='lat' dir='ltr'><strong>Venerem</strong></span> <span class='ocrx_word' id='word_1_670' title='bbox 775 5246 1023 5316; x_wconf 64' lang='lat' dir='ltr'><strong>mysticae</strong></span> <span class='ocrx_word' id='word_1_671' title='bbox 1046 5246 1480 5304; x_wconf 89' lang='lat' dir='ltr'><strong>communionis</strong></span> <span class='ocrx_word' id='word_1_672' title='bbox 1515 5250 1750 5306; x_wconf 89' lang='lat' dir='ltr'><strong>nomine</strong></span> <span class='ocrx_word' id='word_1_673' title='bbox 1780 5251 2106 5325; x_wconf 86' lang='lat' dir='ltr'><strong>dignentur,</strong></span> 
     </span>
    </p>
   </div>
   <div class='ocr_carea' id='block_1_100' title="bbox 462 5334 2106 5414">
    <p class='ocr_par' dir='ltr' id='par_1_100' title="bbox 462 5334 2106 5414">
     <span class='ocr_line' id='line_1_100' title="bbox 462 5334 2106 5414; baseline 0.007 -26"><span class='ocrx_word' id='word_1_674' title='bbox 462 5335 539 5390; x_wconf 88' lang='lat' dir='ltr'><strong>rei</strong></span> <span class='ocrx_word' id='word_1_675' title='bbox 598 5352 774 5392; x_wconf 85' lang='lat' dir='ltr'><strong>sacr</strong></span> <span class='ocrx_word' id='word_1_676' title='bbox 816 5336 904 5390; x_wconf 90' lang='lat' dir='ltr'><strong>vel</strong></span> <span class='ocrx_word' id='word_1_677' title='bbox 969 5335 1206 5391; x_wconf 88' lang='lat' dir='ltr'><strong>nomine</strong></span> <span class='ocrx_word' id='word_1_678' title='bbox 1265 5334 1383 5392; x_wconf 92' lang='lat' dir='ltr'><strong>solo</strong></span> <span class='ocrx_word' id='word_1_679' title='bbox 1444 5336 1596 5392; x_wconf 91' lang='lat' dir='ltr'><strong>haud</strong></span> <span class='ocrx_word' id='word_1_680' title='bbox 1659 5339 1837 5396; x_wconf 90' lang='lat' dir='ltr'><strong>dubie</strong></span> <span class='ocrx_word' id='word_1_681' title='bbox 1885 5341 2106 5414; x_wconf 87' lang='lat' dir='ltr'><strong>injurii.</strong></span> 
     </span>
    </p>
   </div>
   <div class='ocr_carea' id='block_1_101' title="bbox 464 5421 2106 5502">
    <p class='ocr_par' dir='ltr' id='par_1_101' title="bbox 464 5421 2106 5502">
     <span class='ocr_line' id='line_1_101' title="bbox 464 5421 2106 5502; baseline 0.009 -28"><span class='ocrx_word' id='word_1_682' title='bbox 464 5421 680 5479; x_wconf 89' lang='lat' dir='ltr'><strong>Deinde</strong></span> <span class='ocrx_word' id='word_1_683' title='bbox 709 5432 903 5480; x_wconf 89' lang='lat' dir='ltr'><strong>contra</strong></span> <span class='ocrx_word' id='word_1_684' title='bbox 943 5425 1210 5480; x_wconf 90' lang='lat' dir='ltr'><strong>subidam</strong></span> <span class='ocrx_word' id='word_1_685' title='bbox 1254 5422 1436 5496; x_wconf 88' lang='lat' dir='ltr'><strong>illam,</strong></span> <span class='ocrx_word' id='word_1_686' title='bbox 1489 5428 1860 5498; x_wconf 86' lang='lat' dir='ltr'><strong>porcinamve</strong></span> <span class='ocrx_word' id='word_1_687' title='bbox 1881 5434 2106 5502; x_wconf 88' lang='lat' dir='ltr'><strong>spurci-</strong></span> 
     </span>
    </p>
   </div>
   <div class='ocr_carea' id='block_1_102' title="bbox 481 5565 1350 5660">
    <p class='ocr_par' dir='ltr' id='par_1_102' title="bbox 481 5565 1350 5660">
     <span class='ocr_line' id='line_1_102' title="bbox 481 5565 1350 5660; baseline 0.006 -42"><span class='ocrx_word' id='word_1_688' title='bbox 481 5651 486 5660; x_wconf 30' lang='grc' dir='ltr'>ι</span> <span class='ocrx_word' id='word_1_689' title='bbox 533 5565 579 5597; x_wconf 73' lang='grc' dir='ltr'><strong>δο</strong></span> <span class='ocrx_word' id='word_1_690' title='bbox 608 5566 819 5637; x_wconf 88' lang='lat' dir='ltr'><strong>Philip.</strong></span> <span class='ocrx_word' id='word_1_691' title='bbox 858 5586 920 5637; x_wconf 82' lang='grc' dir='ltr'><strong>ιι,</strong></span> <span class='ocrx_word' id='word_1_692' title='bbox 952 5571 1005 5625; x_wconf 89' lang='lat'><strong>6.</strong></span> <span class='ocrx_word' id='word_1_693' title='bbox 1037 5571 1082 5606; x_wconf 71' lang='grc' dir='ltr'><strong>οι</strong></span> <span class='ocrx_word' id='word_1_694' title='bbox 1119 5569 1265 5627; x_wconf 88' lang='lat' dir='ltr'><strong>lbtd.</strong></span> <span class='ocrx_word' id='word_1_695' title='bbox 1296 5572 1350 5624; x_wconf 90' lang='lat'><strong>7.</strong></span> 
     </span>
    </p>
   </div>
   <div class='ocr_carea' id='block_1_103' title="bbox 532 5706 1611 5774">
    <p class='ocr_par' dir='ltr' id='par_1_103' title="bbox 532 5706 1611 5774">
     <span class='ocr_line' id='line_1_103' title="bbox 532 5706 1611 5774; baseline 0.009 -16"><span class='ocrx_word' id='word_1_696' title='bbox 532 5706 649 5774; x_wconf 85' lang='grc'><strong>(45)</strong></span> <span class='ocrx_word' id='word_1_697' title='bbox 678 5706 945 5760; x_wconf 87' lang='lat' dir='ltr'><strong>Clemens</strong></span> <span class='ocrx_word' id='word_1_698' title='bbox 972 5711 1029 5766; x_wconf 90' lang='lat' dir='ltr'><strong>in</strong></span> <span class='ocrx_word' id='word_1_699' title='bbox 1062 5712 1361 5768; x_wconf 86' lang='lat' dir='ltr'><strong>Stromatis</strong></span> <span class='ocrx_word' id='word_1_700' title='bbox 1391 5713 1489 5770; x_wconf 90' lang='lat' dir='ltr'><strong>lib.</strong></span> <span class='ocrx_word' id='word_1_701' title='bbox 1526 5733 1611 5770; x_wconf 81' lang='grc' dir='ltr'><strong>ιιι.</strong></span> 
     </span>
    </p>
   </div>
   <div class='ocr_carea' id='block_1_104' title="bbox 2224 4719 3897 4793">
    <p class='ocr_par' dir='ltr' id='par_1_104' title="bbox 2224 4719 3897 4793">
     <span class='ocr_line' id='line_1_104' title="bbox 2224 4719 3897 4793; baseline 0.005 -20"><span class='ocrx_word' id='word_1_702' title='bbox 2224 4720 2415 4774; x_wconf 89' lang='lat' dir='ltr'><strong>omnia</strong></span> <span class='ocrx_word' id='word_1_703' title='bbox 2445 4719 2690 4789; x_wconf 90' lang='lat' dir='ltr'><strong>denique</strong></span> <span class='ocrx_word' id='word_1_704' title='bbox 2723 4721 2868 4776; x_wconf 89' lang='lat' dir='ltr'><strong>bene</strong></span> <span class='ocrx_word' id='word_1_705' title='bbox 2918 4728 2972 4777; x_wconf 90' lang='lat' dir='ltr'><strong>et</strong></span> <span class='ocrx_word' id='word_1_706' title='bbox 3018 4730 3170 4777; x_wconf 85' lang='lat' dir='ltr'><strong>recte</strong></span> <span class='ocrx_word' id='word_1_707' title='bbox 3201 4723 3632 4793; x_wconf 87' lang='lat' dir='ltr'><strong>disposuerunt.</strong></span> <span class='ocrx_word' id='word_1_708' title='bbox 3667 4725 3753 4781; x_wconf 87' lang='lat' dir='ltr'><strong>Tu</strong></span> <span class='ocrx_word' id='word_1_709' title='bbox 3787 4744 3897 4782; x_wconf 79' lang='lat' dir='ltr'><strong>au-</strong></span> 
     </span>
    </p>
   </div>
   <div class='ocr_carea' id='block_1_105' title="bbox 2224 4810 3888 4884">
    <p class='ocr_par' dir='ltr' id='par_1_105' title="bbox 2224 4810 3888 4884">
     <span class='ocr_line' id='line_1_105' title="bbox 2224 4810 3888 4884; baseline 0.005 -21"><span class='ocrx_word' id='word_1_710' title='bbox 2224 4813 2355 4876; x_wconf 88' lang='lat' dir='ltr'><strong>tem,</strong></span> <span class='ocrx_word' id='word_1_711' title='bbox 2389 4810 2482 4880; x_wconf 92' lang='lat' dir='ltr'><strong>qui</strong></span> <span class='ocrx_word' id='word_1_712' title='bbox 2514 4825 2644 4865; x_wconf 89' lang='lat' dir='ltr'><strong>vere</strong></span> <span class='ocrx_word' id='word_1_713' title='bbox 2688 4811 3169 4880; x_wconf 80' lang='lat' dir='ltr'><strong>sapientissimus,</strong></span> <span class='ocrx_word' id='word_1_714' title='bbox 3203 4817 3259 4867; x_wconf 88' lang='lat' dir='ltr'><strong>et</strong></span> <span class='ocrx_word' id='word_1_715' title='bbox 3309 4813 3519 4884; x_wconf 88' lang='lat' dir='ltr'><strong>ubique</strong></span> <span class='ocrx_word' id='word_1_716' title='bbox 3567 4816 3888 4872; x_wconf 79' lang='lat' dir='ltr'><strong>celeberri-</strong></span> 
     </span>
    </p>
   </div>
   <div class='ocr_carea' id='block_1_106' title="bbox 2221 4898 3890 4972">
    <p class='ocr_par' dir='ltr' id='par_1_106' title="bbox 2221 4898 3890 4972">
     <span class='ocr_line' id='line_1_106' title="bbox 2221 4898 3890 4972; baseline 0.006 -20"><span class='ocrx_word' id='word_1_717' title='bbox 2221 4914 2350 4953; x_wconf 89' lang='lat' dir='ltr'><strong>mus</strong></span> <span class='ocrx_word' id='word_1_718' title='bbox 2411 4898 2638 4954; x_wconf 86' lang='lat' dir='ltr'><strong>habitus</strong></span> <span class='ocrx_word' id='word_1_719' title='bbox 2693 4915 2771 4968; x_wconf 90' lang='lat' dir='ltr'><strong>es,</strong></span> <span class='ocrx_word' id='word_1_720' title='bbox 2822 4901 2957 4970; x_wconf 92' lang='lat' dir='ltr'><strong>quid</strong></span> <span class='ocrx_word' id='word_1_721' title='bbox 3019 4901 3140 4968; x_wconf 91' lang='lat' dir='ltr'><strong>tibi,</strong></span> <span class='ocrx_word' id='word_1_722' title='bbox 3199 4918 3408 4972; x_wconf 66' lang='lat' dir='ltr'><strong>quaeso,</strong></span> <span class='ocrx_word' id='word_1_723' title='bbox 3471 4903 3710 4961; x_wconf 85' lang='lat' dir='ltr'><strong>voluisti</strong></span> <span class='ocrx_word' id='word_1_724' title='bbox 3754 4923 3890 4961; x_wconf 85' lang='lat' dir='ltr'><strong>cum</strong></span> 
     </span>
    </p>
   </div>
   <div class='ocr_carea' id='block_1_107' title="bbox 2222 4987 3894 5066">
    <p class='ocr_par' dir='ltr' id='par_1_107' title="bbox 2222 4987 3894 5066">
     <span class='ocr_line' id='line_1_107' title="bbox 2222 4987 3894 5066; baseline 0.006 -24"><span class='ocrx_word' id='word_1_725' title='bbox 2222 4987 2353 5042; x_wconf 85' lang='lat' dir='ltr'><strong>talia</strong></span> <span class='ocrx_word' id='word_1_726' title='bbox 2398 4987 2758 5058; x_wconf 84' lang='lat' dir='ltr'><strong>promulgare</strong></span> <span class='ocrx_word' id='word_1_727' title='bbox 2805 5001 2981 5044; x_wconf 88' lang='lat' dir='ltr'><strong>ausus</strong></span> <span class='ocrx_word' id='word_1_728' title='bbox 3025 4990 3131 5046; x_wconf 84' lang='lat' dir='ltr'><strong>es?</strong></span> <span class='ocrx_word' id='word_1_729' title='bbox 3185 4997 3283 5046; x_wconf 89' lang='lat' dir='ltr'><strong>aut</strong></span> <span class='ocrx_word' id='word_1_730' title='bbox 3340 4992 3510 5060; x_wconf 91' lang='lat' dir='ltr'><strong>unde,</strong></span> <span class='ocrx_word' id='word_1_731' title='bbox 3580 5009 3648 5049; x_wconf 81' lang='lat' dir='ltr'><strong>ex</strong></span> <span class='ocrx_word' id='word_1_732' title='bbox 3706 5012 3894 5066; x_wconf 79' lang='lat' dir='ltr'><strong>quove</strong></span> 
     </span>
    </p>
   </div>
   <div class='ocr_carea' id='block_1_108' title="bbox 2222 5076 3888 5156">
    <p class='ocr_par' dir='ltr' id='par_1_108' title="bbox 2222 5076 3888 5156">
     <span class='ocr_line' id='line_1_108' title="bbox 2222 5076 3888 5156; baseline 0.005 -24"><span class='ocrx_word' id='word_1_733' title='bbox 2222 5076 2461 5149; x_wconf 89' lang='lat' dir='ltr'><strong>tripode,</strong></span> <span class='ocrx_word' id='word_1_734' title='bbox 2521 5093 2586 5134; x_wconf 85' lang='lat' dir='ltr'><strong>ex</strong></span> <span class='ocrx_word' id='word_1_735' title='bbox 2642 5091 2885 5148; x_wconf 86' lang='lat' dir='ltr'><strong>quorum</strong></span> <span class='ocrx_word' id='word_1_736' title='bbox 2947 5079 3193 5151; x_wconf 89' lang='lat' dir='ltr'><strong>denique</strong></span> <span class='ocrx_word' id='word_1_737' title='bbox 3249 5081 3758 5156; x_wconf 75' lang='lat' dir='ltr'><strong>philosophorum,</strong></span> <span class='ocrx_word' id='word_1_738' title='bbox 3827 5094 3888 5140; x_wconf 88' lang='lat' dir='ltr'><strong>ut</strong></span> 
     </span>
    </p>
   </div>
   <div class='ocr_carea' id='block_1_109' title="bbox 2220 5167 3895 5240">
    <p class='ocr_par' dir='ltr' id='par_1_109' title="bbox 2220 5167 3895 5240">
     <span class='ocr_line' id='line_1_109' title="bbox 2220 5167 3895 5240; baseline 0.005 -18"><span class='ocrx_word' id='word_1_739' title='bbox 2220 5167 2296 5222; x_wconf 88' lang='lat' dir='ltr'><strong>ita</strong></span> <span class='ocrx_word' id='word_1_740' title='bbox 2345 5167 2558 5235; x_wconf 88' lang='lat' dir='ltr'><strong>dicam,</strong></span> <span class='ocrx_word' id='word_1_741' title='bbox 2612 5167 2934 5225; x_wconf 88' lang='lat' dir='ltr'><strong>corollariis</strong></span> <span class='ocrx_word' id='word_1_742' title='bbox 2993 5177 3088 5224; x_wconf 87' lang='lat' dir='ltr'><strong>aut</strong></span> <span class='ocrx_word' id='word_1_743' title='bbox 3147 5168 3516 5240; x_wconf 78' lang='lat' dir='ltr'><strong>syllogisticis</strong></span> <span class='ocrx_word' id='word_1_744' title='bbox 3567 5174 3895 5230; x_wconf 77' lang='lat' dir='ltr'><strong>rationibus</strong></span> 
     </span>
    </p>
   </div>
   <div class='ocr_carea' id='block_1_110' title="bbox 2221 5255 3894 5334">
    <p class='ocr_par' dir='ltr' id='par_1_110' title="bbox 2221 5255 3894 5334">
     <span class='ocr_line' id='line_1_110' title="bbox 2221 5255 3894 5334; baseline 0.005 -22"><span class='ocrx_word' id='word_1_745' title='bbox 2221 5257 2290 5312; x_wconf 86' lang='lat' dir='ltr'><strong>ad</strong></span> <span class='ocrx_word' id='word_1_746' title='bbox 2323 5255 2444 5311; x_wconf 72' lang='lat' dir='ltr'><strong>haec</strong></span> <span class='ocrx_word' id='word_1_747' title='bbox 2475 5256 2687 5312; x_wconf 86' lang='lat' dir='ltr'><strong>tabulis</strong></span> <span class='ocrx_word' id='word_1_748' title='bbox 2736 5257 3099 5314; x_wconf 88' lang='lat' dir='ltr'><strong>inscribenda</strong></span> <span class='ocrx_word' id='word_1_749' title='bbox 3156 5260 3440 5315; x_wconf 88' lang='lat' dir='ltr'><strong>adductus</strong></span> <span class='ocrx_word' id='word_1_750' title='bbox 3503 5277 3590 5326; x_wconf 90' lang='lat' dir='ltr'><strong>es,</strong></span> <span class='ocrx_word' id='word_1_751' title='bbox 3635 5280 3764 5334; x_wconf 66' lang='lat' dir='ltr'><strong>quae</strong></span> <span class='ocrx_word' id='word_1_752' title='bbox 3819 5282 3894 5322; x_wconf 86' lang='lat' dir='ltr'><strong>ne</strong></span> 
     </span>
    </p>
   </div>
   <div class='ocr_carea' id='block_1_111' title="bbox 2221 5346 3894 5416">
    <p class='ocr_par' dir='ltr' id='par_1_111' title="bbox 2221 5346 3894 5416">
     <span class='ocr_line' id='line_1_111' title="bbox 2221 5346 3894 5416; baseline 0.005 -15"><span class='ocrx_word' id='word_1_753' title='bbox 2221 5346 2299 5401; x_wconf 92' lang='lat' dir='ltr'><strong>dli</strong></span> <span class='ocrx_word' id='word_1_754' title='bbox 2349 5347 2573 5416; x_wconf 84' lang='lat' dir='ltr'><strong>quidem</strong></span> <span class='ocrx_word' id='word_1_755' title='bbox 2633 5347 2710 5401; x_wconf 92' lang='lat' dir='ltr'><strong>tui</strong></span> <span class='ocrx_word' id='word_1_756' title='bbox 2755 5347 3191 5416; x_wconf 84' lang='lat' dir='ltr'><strong>probaverunt?</strong></span> <span class='ocrx_word' id='word_1_757' title='bbox 3231 5349 3337 5416; x_wconf 85' lang='lat' dir='ltr'><strong>Qui</strong></span> <span class='ocrx_word' id='word_1_758' title='bbox 3400 5356 3721 5408; x_wconf 88' lang='lat' dir='ltr'><strong>metatores</strong></span> <span class='ocrx_word' id='word_1_759' title='bbox 3779 5356 3894 5410; x_wconf 85' lang='lat' dir='ltr'><strong>sibi</strong></span> 
     </span>
    </p>
   </div>
   <div class='ocr_carea' id='block_1_112' title="bbox 2219 5434 3891 5509">
    <p class='ocr_par' dir='ltr' id='par_1_112' title="bbox 2219 5434 3891 5509">
     <span class='ocr_line' id='line_1_112' title="bbox 2219 5434 3891 5509; baseline 0.006 -21"><span class='ocrx_word' id='word_1_760' title='bbox 2219 5434 2354 5504; x_wconf 90' lang='lat' dir='ltr'><strong>ipsis</strong></span> <span class='ocrx_word' id='word_1_761' title='bbox 2397 5434 2798 5506; x_wconf 55' lang='lat' dir='ltr'><strong>praefecerunt,</strong></span> <span class='ocrx_word' id='word_1_762' title='bbox 2850 5435 3189 5507; x_wconf 85' lang='lat' dir='ltr'><strong>nobilesque</strong></span> <span class='ocrx_word' id='word_1_763' title='bbox 3236 5439 3376 5494; x_wconf 88' lang='lat' dir='ltr'><strong>adeo</strong></span> <span class='ocrx_word' id='word_1_764' title='bbox 3439 5455 3647 5509; x_wconf 79' lang='lat' dir='ltr'><strong>prenas</strong></span> <span class='ocrx_word' id='word_1_765' title='bbox 3709 5444 3891 5498; x_wconf 83' lang='lat' dir='ltr'><strong>abiis</strong></span> 
     </span>
    </p>
   </div>
  </div>
