4090 6192
226 391 390 451 1269

1568 392 1968 458 THESAURI
2013 398 2160 461 LIB.
2210 401 2313 463 ιν.

3488 405 3644 466 1270

222 527 708 598 repuposcerunt,
759 524 853 596 qui
918 523 1109 580 aliena
1149 526 1392 596 cupidas
1460 541 1671 583 manus
1736 528 1882 599 injl-
1913 530 1968 597 Α
2000 532 2289 591 vixerunt.
2323 539 2453 589 Haec
2483 539 2537 589 et
2566 535 2906 606 hujusmodi
2960 535 3223 605 professi,
3275 553 3403 606 quae
3436 539 3631 607 pudo-

220 631 352 672 cere
393 614 698 685 auderent,
732 619 798 671 ut
828 631 893 671 ex
927 615 1123 671 Ixione
1152 614 1423 688 conjicio,
1476 619 1744 689 quamvis
1775 619 1874 676 ille

1992 637 2116 677 rem
2166 622 2502 679 hominibus
2561 623 2726 680 facile
2783 623 3090 693 incutiant,
3150 625 3262 680 sibi
3319 633 3513 682 tamen
3575 628 3633 683 in

215 704 476 761 Junonis
506 703 631 760 loco
682 704 958 761 nebulam
1018 704 1386 777 amplexatus
1446 711 1636 764 esset:
1691 714 1745 764 et
1803 723 1872 764 ex
1985 711 2073 767 eis
2113 711 2363 783 placent,
2413 714 2797 783 animumque
2840 713 2911 768 ad
2962 729 3136 768 omne
3183 729 3369 785 genus
3427 716 3629 788 ﬂagitii

217 795 423 862 Marte,
460 810 637 867 quam
670 793 966 851 Vulcanus
996 794 1068 851 iis
1111 794 1362 853 vinculis
1420 796 1869 867 constrinxerat,

1984 800 2307 872 appellunt.
2339 808 2556 859 Revera
2590 802 2823 859 illorum
2872 802 3058 873 gloria
3102 803 3161 858 in
3196 802 3425 860 illorum
3458 806 3637 863 dede-

215 901 346 956 quae
398 900 585 957 neque
636 884 847 957 frangi,
927 899 1118 957 neque
1166 885 1311 942 solvi
1361 890 1640 958 possent:
1692 892 1871 959 atque
1983 906 2114 946 core
2143 892 2451 949 consistit:
2504 892 2605 965 qui
2637 910 2751 948 non
2783 892 2976 948 solum
3008 909 3314 965 corporeus
3347 896 3629 952 concubi-

218 975 518 1030 communi
547 972 868 1029 multorum
898 972 1155 1029 ludibrio
1183 973 1469 1030 elevatum
1501 982 1869 1047 exposuerat,

216 1062 487 1133 quamvis
520 1062 607 1117 vel
631 1063 911 1133 jugerum
941 1062 1347 1133 magnitudine
1378 1073 1697 1135 superaret.

288 1150 395 1203 Sed
446 1148 586 1221 quia
648 1148 973 1203 beneficum
1039 1156 1268 1221 tempus
1320 1150 1614 1207 civitatem
1649 1149 1864 1223 ipsam,

210 1240 479 1313 quamvis
535 1240 678 1295 bene
732 1247 1022 1295 muralem
1067 1240 1349 1310 deseruit,
1404 1241 1865 1313 hujusmodique

212 1330 374 1401 leges
415 1328 556 1385 solis
588 1329 856 1385 mandari
898 1329 1108 1386 litteris
1164 1332 1453 1402 permisit,
1493 1347 1600 1389 nos
1630 1348 1863 1405 quoque

216 1419 397 1474 ﬁnem
430 1419 657 1475 dicendi
688 1418 992 1487 faciemus,
1018 1435 1089 1475 ne
1119 1420 1264 1475 forte
1293 1420 1368 1477 iis
1417 1422 1564 1477 vires
1595 1421 1862 1477 restitua-

212 1526 373 1576 mus,
422 1512 478 1563 et
535 1510 805 1563 secundae
864 1509 1117 1579 quodam
1188 1510 1356 1565 modo
1403 1510 1533 1565 vitm
1590 1514 1860 1566 auctores

204 1599 418 1665 simus,
447 1614 574 1669 quis
600 1602 831 1671 tempus
859 1599 1025 1655 irrita
1054 1603 1113 1656 et
1168 1604 1432 1657 emortua
1482 1616 1611 1657 esse
1650 1600 1856 1658 voluit.

885 1707 1044 1763 CAP.
1082 1706 1177 1764 Xi.

568 1811 866 1870 Undecima
910 1812 1136 1871 haeresis
1181 1813 1498 1871 Cainorum.

269 1919 435 1976 Caini
473 1920 546 1975 ad
579 1919 941 1990 ineulpatam
990 1920 1166 1977 ﬁdem
1216 1926 1479 1978 nostram
1511 1925 1855 1982 accedentes
1885 1900 1933 1964 Β

200 2009 598 2081 baptizantur,
668 2009 848 2081 impie
922 2025 1056 2066 vero
1118 2010 1559 2068 universitatem
1616 2012 1767 2073 hanc
1819 2031 1854 2070 a

203 2100 434 2156 duabus
507 2098 894 2170 potestatibus
962 2099 1245 2155 contineri
1300 2099 1543 2158 dicunt:
1599 2119 1852 2176 quarum

202 2190 388 2246 altera
435 2187 744 2254 inﬁrmior,
790 2186 972 2244 altera
1020 2188 1312 2260 potentior
1355 2189 1618 2248 exsistat.
1668 2194 1738 2249 Et
1786 2212 1855 2252 ex

199 2277 274 2334 iis
303 2278 596 2334 Adamum
628 2278 920 2347 Evamque
972 2282 1309 2349 prognatos.
1342 2281 1629 2337 Craterum
1689 2288 1850 2355 pote-

198 2373 387 2425 states
418 2367 654 2424 easdem
698 2371 899 2438 postea
927 2368 1056 2424 Eva:
1111 2368 1450 2427 adhaesisse.
1512 2376 1698 2443 Atque
1726 2372 1855 2430 Cai-

197 2474 347 2513 num
374 2456 635 2529 quidem,
669 2461 912 2525 Esaum,
944 2462 1004 2512 et
1035 2457 1257 2514 Coritas
1288 2474 1356 2514 ex
1386 2460 1727 2530 potentioris
1759 2480 1855 2535 po-

201 2547 435 2605 testatis
466 2547 710 2615 semine,
744 2547 982 2605 Ahelem
1014 2553 1209 2605 autem
1256 2563 1326 2605 ex
1371 2549 1670 2608 debilioris
1721 2570 1851 2623 pro-

198 2638 474 2695 cessisse.
522 2637 832 2710 Magniﬁce
870 2653 1102 2709 quoque
1153 2653 1215 2696 se
1276 2638 1546 2709 etl'erunt,
1615 2642 1773 2713 quod
1820 2659 1855 2700 ι

194 2728 443 2800 proavis;
473 2726 672 2797 Caino,
722 2727 1062 2793 Sodomitis,
1117 2728 1288 2795 Esau,
1332 2728 1451 2785 imo
1509 2744 1643 2786 vero
1675 2732 1849 2789 etiam

193 2832 226 2870 a
262 2814 556 2885 proditore
582 2814 732 2869 Juda
764 2814 1186 2870 descenderint.
1223 2814 1469 2873 Proinde
1497 2816 1849 2887 opusculum

196 2903 499 2975 quoddam
549 2903 873 2975 proferunt,
933 2905 1087 2974 quod
1162 2905 1386 2961 auctori
1440 2906 1598 2962 Judas
1669 2908 1846 2964 ascri-

194 2994 372 3049 bunt.
420 2991 771 3063 Angslorum
842 3008 1012 3061 porro
1075 2996 1131 3049 et
1190 2996 1539 3065 potestatum
1600 2995 1847 3053 nomini-

195 3083 316 3138 bus
348 3080 632 3148 conﬁotis,
667 3080 916 3153 ephoros
946 3097 1067 3152 eos,
1117 3080 1228 3138 hoc
1278 3086 1369 3139 est
1418 3084 1694 3155 prmeides
1742 3101 1846 3145 seu

192 3170 503 3243 prtsfectos
552 3170 979 3243 appetitionum
1026 3170 1270 3227 rationis
1343 3172 1667 3245 expertium
1717 3190 1845 3233 esse

191 3261 418 3370 dicunt.
452 3261 533 3362 lix
561 3277 677 3361 quo
708 3262 793 3370 fit,
820 3266 884 3317 ut
891 3277 1034 3370 pum
1055 3261 1114 3317 in
1138 3264 1495 3370 exsecrppda
1523 3267 1581 3319 et
1600 3264 1846 3370 infanda
1882 3269 1926 3337 C

189 3354 431 3422 peccata
461 3350 813 3423 impingant,
847 3351 917 3406 ad
937 3366 1139 3407 eorum
1171 3351 1476 3422 quodlibet
1494 3352 1837 3426 exclamant,

192 3441 237 3497 Ο
273 3444 358 3508 tu,
391 3438 612 3511 angelo,
672 3440 881 3497 abutor
927 3455 1100 3510 opere
1145 3444 1267 3511 tuo,
1320 3456 1560 3498 munere
1606 3444 1710 3498 tuo
1740 3443 1839 3499 de-

192 3530 431 3601 fungor.
479 3530 631 3595 Quin
681 3531 739 3585 et
776 3544 845 3585 ex
896 3529 1062 3584 Pauli
1112 3529 1359 3599 apostoli
1408 3531 1644 3588 nomine
1692 3549 1839 3605 opu-

187 3619 421 3676 sculum
452 3618 611 3675 aliud
644 3616 800 3674 nulla
824 3634 942 3674 non
1000 3618 1379 3676 obscoenitate
1426 3624 1657 3677 scatens
1701 3638 1838 3678 con-

191 3709 467 3779 ﬁgentes,
545 3700 926 3777 Ἀναϐατικὸν,

183 3797 353 3855 Pauli
384 3801 610 3854 vocant.
648 3797 797 3854 Hinc
848 3800 1079 3869 arrepta
1115 3798 1441 3866 occasione,
1480 3801 1635 3871 quod
1695 3801 1842 3873 Apo-

186 3886 414 3945 stolum
466 3887 538 3943 ad
588 3886 821 3942 tertium
873 3903 1060 3959 usque
1107 3888 1317 3944 omium
1367 3889 1703 3947 ascendisse
1759 3890 1840 3945 di-

184 3985 349 4046 cant,
401 3983 577 4051 atque
635 3978 715 4035 ibi
762 3980 935 4038 verba
993 3997 1107 4035 non
1160 3981 1463 4037 referenda
1521 3982 1838 4051 audivisse,

185 4086 321 4141 quas
355 4086 468 4126 non
502 4069 589 4125 fas
622 4072 710 4124 est
738 4067 964 4124 homini
996 4069 1404 4140 loqui:quibus
1438 4086 1551 4125 non
1585 4071 1840 4127 referen-

182 4161 282 4216 dis
313 4159 505 4215 verbis
537 4158 719 4231 impia
741 4157 844 4214 illa
870 4175 976 4215 sua
1008 4158 1232 4229 ﬂagitia
1269 4158 1622 4230 intelligunt.

493 4268 770 4323 Haereseos
813 4264 1170 4336 praecedentis
1197 4267 1527 4336 con/utatio.

256 4372 423 4428 Dicat
464 4389 598 4428 vero
678 4371 969 4445 quispiam
1030 4372 1310 4429 adversus
1352 4372 1503 4429 hanc
1570 4373 1838 4429 haeresim

177 4461 570 4518 contendens:
615 4461 884 4517 Inaudita
928 4461 1143 4531 audivi,
1194 4478 1377 4534 eaque
1416 4465 1558 4518 adeo
1605 4478 1837 4536 percur-

181 4568 321 4609 rere
361 4551 504 4607 mibi
536 4551 801 4623 contigit,
834 4567 960 4622 quae
994 4551 1283 4607 oblivione
1342 4553 1617 4624 profecto,
1678 4557 1838 4607 tene-

1978 984 2076 1036 tus
2106 982 2415 1038 ordinibus
2443 983 2688 1039 materia
2708 982 3045 1038 carentibus
3075 983 3419 1052 attribuunt,
3453 989 3629 1057 atque

1977 1072 2093 1127 duo
2117 1073 2408 1145 principia
2436 1074 2591 1131 inter
2620 1091 2683 1130 se
2724 1074 3018 1130 contraria
3048 1074 3307 1143 tradunt,
3340 1091 3469 1146 quia
3492 1076 3620 1144 qui.

1976 1162 2109 1218 dem
2133 1178 2196 1219 se
2229 1169 2435 1220 mutuo
2468 1181 2710 1237 prorsus
2742 1164 3108 1229 interimunt,
3143 1167 3207 1219 ut
3237 1181 3365 1236 qua)
3396 1181 3459 1221 se
3490 1181 3623 1221 mu-

1975 1256 2077 1307 tuo
2102 1254 2218 1324 pati
2253 1264 2562 1325 nequeant,
2596 1254 2827 1325 sibique
2860 1270 2927 1310 ex
2958 1255 3239 1310 diametro
3273 1260 3620 1327 repugnent:

1976 1342 2077 1396 sed
2105 1341 2279 1398 etiam
2304 1343 2686 1415 nequioribus
2711 1342 3051 1399 hominibus
3074 1342 3314 1413 addicti,
3339 1360 3411 1401 ne
3429 1345 3627 1401 futura

1975 1428 2212 1499 quidem
2244 1429 2363 1486 illis
2398 1432 2689 1503 supplicia
2719 1432 2915 1487 miseri
2962 1448 3161 1487 secum
3210 1434 3623 1505 quoquomodo

1973 1522 2269 1588 reputant,
2300 1519 2389 1573 vel
2422 1520 2717 1576 tantillum
2774 1521 3011 1592 quidem
3068 1522 3477 1578 subverentur.
3536 1523 3624 1578 Si-

1972 1606 2211 1676 quidem
2242 1606 2453 1665 Calnus
2486 1609 2732 1665 meritas
2763 1609 2938 1666 emdis
2957 1610 3223 1666 fraternis
3252 1627 3453 1681 pmnas
3481 1611 3613 1677 luit,

1970 1696 2109 1749 dum
2142 1696 2320 1767 gemit
2364 1701 2424 1754 et
2466 1697 2739 1768 trepidat,
2788 1702 2965 1767 atque
3013 1714 3117 1768 per
3160 1702 3345 1754 totum
3397 1700 3617 1755 miseris

1970 1784 2105 1841 vitae
2132 1786 2490 1843 curriculum
2521 1786 2804 1845 comitiali
2837 1787 3040 1844 morbo
3080 1787 3327 1845 laborat.
3386 1790 3617 1846 Coresus

1968 1890 2104 1931 vero
2134 1880 2189 1931 et
2222 1876 2440 1934 Abiron
2492 1880 2663 1933 terris
2703 1877 2972 1946 abcessu,
3031 1882 3211 1948 atque
3269 1878 3341 1934 ad
3400 1878 3617 1935 inferos

1964 1980 2097 2020 cum
2132 1965 2406 2022 universa
2436 1964 2661 2021 familia
2709 1966 3018 2033 descensu,
3051 1966 3424 2024 condemnati
3455 1972 3617 2026 sunt.

2035 2054 2210 2110 Porro
2243 2055 2555 2110 Sodomitas
2590 2054 2725 2125 igne
2775 2055 3003 2110 caelitus
3050 2055 3112 2109 in
3145 2055 3483 2125 Pentapolin
3517 2056 3617 2111 de-

1967 2141 2145 2198 misso
2176 2144 2491 2214 perierunt,
2522 2146 2674 2215 quod
2709 2143 2948 2214 quidem
2977 2144 3017 2199 ii
3049 2144 3150 2215 qui
3184 2142 3444 2200 mascula
3476 2143 3637 2199 libim

1964 2231 2103 2286 dine
2160 2237 2456 2304 pruriunt,
2516 2233 2839 2288 etiamnum
2891 2234 3186 2288 fructuum
3248 2232 3613 2290 cinereorum

1965 2322 2356 2392 perceptione,
2396 2327 2678 2393 terraique
2706 2322 2990 2391 siccitate,
3015 2326 3073 2378 et
3100 2321 3468 2378 inhabitabili
3488 2322 3612 2379 sole

1963 2408 2338 2465 erudiuntur.

2031 2497 2214 2553 Judas
2247 2500 2501 2572 denique
2531 2496 2682 2556 ultro
2717 2501 3004 2571 seipsum,
3028 2500 3191 2557 nulla
3211 2518 3448 2573 prorsus
3481 2519 3613 2575 per-

1962 2590 2127 2656 cepta
2159 2588 2424 2643 mercede
2455 2589 2853 2661 straugulans,
2880 2591 3061 2645 vitam
3109 2590 3315 2662 laqueo
3341 2592 3605 2663 abrupit.

1962 2677 2146 2742 Quam
2178 2693 2309 2733 vero
2353 2678 2612 2751 apposite
2654 2680 2949 2735 daemonas
3008 2697 3237 2752 quoque
3272 2698 3389 2736 suis
3452 2682 3608 2753 ipso-

1961 2779 2092 2818 rum
2126 2764 2388 2821 libidinis
2419 2771 2476 2822 et
2522 2768 2979 2839 intemperantiae
3029 2769 3326 2840 praefectos
3380 2771 3609 2825 confin-

1957 2854 2133 2924 gunt?
2160 2856 2229 2910 At
2259 2872 2389 2911 vero
2422 2871 2547 2928 quae
2572 2858 2799 2913 societas
2833 2858 2941 2913 luci
2971 2858 3039 2912 ad
3069 2859 3313 2913 tenebras
3341 2860 3387 2893 ⁶²
3414 2862 3436 2914 Ρ
3466 2859 3604 2931 quid

1956 2941 2121 2997 Judaa
2153 2947 2209 2999 et
2234 2942 2411 2999 Paulo
2445 2962 2751 3002 commune
2772 2945 2799 3001 ‘I
2856 2951 2916 3001 ut
2947 2947 3106 3002 illius
3139 2947 3372 3020 quidem
3411 2948 3599 3004 Evan-

1956 3030 2177 3104 gelium
2211 3035 2557 3107 proferatur,
2594 3036 2692 3109 qui
2729 3053 2797 3092 ne
2831 3034 3072 3092 auribus
3120 3037 3354 3108 quidem
3404 3038 3600 3093 Domi-

1958 3136 2097 3175 num
2140 3138 2172 3178 a
2205 3123 2451 3179 mortuis
2484 3123 2827 3191 surrexisse,
2858 3129 3180 3201 gentesque
3227 3123 3403 3181 ﬁdem
3437 3125 3603 3180 Chri—

1956 3209 2210 3266 stianam
2244 3212 2482 3269 edoctas
2515 3229 2642 3270 esse
2665 3215 2943 3286 percepit,
2978 3213 3080 3285 qui
3112 3213 3371 3285 seipsum
3403 3216 3602 3271 eodem

2255 3301 2651 3371 suspenderit,
2694 3319 2808 3373 quo
2839 3301 3150 3358 Dominum
3186 3303 3481 3375 prodidit:
3524 3304 3602 3360 ita

1952 3391 2015 3442 ut
2047 3388 2255 3458 perire,
2282 3406 2457 3461 quam
2508 3389 2745 3447 sceleris
2803 3392 3083 3465 paenitere
3137 3391 3451 3449 maluerit:
3486 3393 3596 3448 hu-

1941 3477 2045 3547 jus
2075 3493 2207 3534 vero
2240 3478 2472 3535 libellus
2526 3480 2959 3537 commentitius
2992 3481 3152 3538 omni
3196 3483 3597 3539 obsecenitatis

1949 3567 2141 3639 specie
2172 3568 2422 3624 refertus
2452 3569 2794 3642 configatur,
2856 3587 2990 3627 cum
3022 3575 3217 3627 tamen
3248 3572 3440 3628 dicat:
3500 3574 3595 3629 Se-

1003 3659 1842 3762 ;32'wgs'g“"b;";"s°c‘;a‘i’;;;
1944 3660 2184 3730 quimini
2202 3659 2779 3727 sanctimoniam,sine
2800 3678 2908 3734 qua
2924 3677 3083 3717 nemo
3110 3662 3312 3718 videbit
3340 3662 3591 3717 Deum“.

1713 3710 1724 3722 .
2202 3708 2583 3717 -η.,,-,..,,,-,η.

1048 3708 1446 3821 (ξοηῗῗξμὲθ
1485 3726 1842 3821 ξῗῗῗηθξῗτξθ
1947 3746 2115 3817 Item,
2141 3751 2363 3818 Castigo
2388 3766 2583 3821 corpus

2614 3766 2814 3818 meum,
2839 3758 2891 3806 et
2920 3752 2981 3805 in
3016 3753 3331 3807 servitutem
3383 3750 3593 3819 redigo,

1948 3852 2018 3892 ne
2034 3839 2177 3908 forte
2204 3854 2328 3894 cum
2360 3839 2489 3894 aliis
2536 3838 2982 3911 praedicaverim,
3018 3842 3130 3911 ipse
3176 3839 3444 3907 reprobus
3469 3839 3596 3915 efﬁ-

1948 3928 2070 3983 ciar
2093 3926 2160 3981 6‘.
2193 3928 2337 3982 Item
2373 3928 2430 3982 in
2464 3928 2723 4000 Epistola
2764 3929 2835 3983 ad
2889 3928 3236 3997 Corinthios,
3271 3930 3342 3986 de
3400 3946 3465 3985 eo
3497 3930 3597 4003 qui

1948 4033 2080 4072 eum
2115 4031 2357 4073 noverca
2389 4034 2450 4072 se
2483 4016 2792 4089 polluerat,
2823 4017 2979 4073 hunc
3008 4017 3068 4074 in
3101 4019 3341 4075 modum
3374 4019 3596 4077 scribit:

1945 4107 2055 4177 Ego
2098 4106 2322 4177 quidem
2372 4105 2564 4163 absens
2615 4121 2860 4178 corpore,
2912 4108 3036 4179 jam
3101 4125 3338 4179 praesens
3412 4115 3597 4166 autem

1947 4195 2148 4265 spiritu
2169 4192 2442 4267 judicavi,
2475 4203 2534 4249 ut
2570 4208 2816 4267 praesens
2872 4210 3015 4267 eum,
3056 4198 3157 4268 qui
3214 4199 3293 4252 sic
3343 4203 3597 4270 operatus

1947 4289 2028 4341 est
2089 4286 2149 4339 in
2178 4282 2401 4340 nomine
2433 4284 2658 4339 Domini
2687 4286 2869 4339 nostri
2908 4286 3034 4341 Jesu
3092 4285 3324 4356 Christi,
3378 4290 3598 4345 tradere

1950 4373 2262 4441 huiusmodi
2293 4374 2539 4441 Satanae,
2571 4376 2629 4428 in
2660 4373 2954 4430 interitum
3005 4376 3216 4446 carnis,
3265 4381 3325 4432 ut
3371 4379 3599 4450 spiritus

1947 4466 2129 4520 salvus
2176 4465 2248 4519 sit
2293 4464 2355 4519 in
2395 4464 2484 4520 die
2525 4464 2746 4520 Domini
2785 4467 2914 4520 Jesu
2977 4465 3044 4521 ⁸⁵.
3092 4471 3158 4522 Et
3209 4469 3384 4540 paulo
3427 4474 3598 4541 post:

1950 4556 2127 4624 Quare
2155 4570 2267 4609 non
2295 4555 2474 4623 magis
2507 4553 2781 4626 iniuriam
2818 4556 3110 4627 accipitis?
3139 4574 3310 4629 quare
3337 4576 3441 4615 non
3476 4577 3596 4615 ma-

175 4641 428 4712 brisque
459 4641 632 4711 digna
656 4645 815 4695 sunt.
850 4643 994 4695 Cum
1024 4640 1180 4695 enim
1239 4640 1439 4696 Caiani
1472 4642 1586 4697 duo
1619 4641 1833 4712 princi-
1868 4639 1911 4702 D
1950 4644 2037 4713 gis
2079 4644 2337 4715 fraudem
2363 4643 2677 4716 patimini?
2720 4644 2811 4699 sed
2862 4661 2953 4701 vos
3011 4649 3280 4719 znjuriam
3308 4649 3504 4720 facitis
3546 4654 3599 4707 et

168 4732 283 4805 pia
314 4730 650 4801 praedicant,
682 4729 898 4801 quibus
956 4746 1148 4785 rerum
1182 4729 1541 4786 universitas
1576 4735 1797 4786 constet
1827 4746 1839 4785 :

178 4834 439 4893 quorum
474 4819 724 4875 alterum
771 4818 1041 4887 debilius,
1093 4819 1340 4875 alterum
1397 4821 1602 4875 fortius
1649 4820 1742 4892 sit,
1776 4834 1844 4874 ex

173 4910 418 4965 duabus
449 4909 565 4965 illis
599 4909 988 4982 potestatibus
1021 4907 1240 4981 primos
1297 4912 1568 4980 parentes
1613 4926 1841 4982 proces-

173 5000 334 5056 sisse
394 4999 578 5055 aiunt.
633 4998 849 5054 Deinde
896 5015 1030 5055 vero
1106 4999 1276 5055 ambo
1326 4999 1453 5054 Evae
1503 4998 1842 5068 adhaesisse,

173 5096 360 5161 atque
392 5105 459 5144 ex
504 5088 785 5145 debiliore
834 5092 1117 5160 potestate
1176 5088 1412 5145 Abelem
1468 5094 1842 5161 prognatum,

172 5180 539 5249 casterosque
592 5193 818 5242 omnes,
872 5176 971 5247 qui
1013 5175 1176 5232 illum
1223 5178 1409 5234 secuti
1464 5177 1691 5234 cultum
1740 5176 1841 5233 Dei

174 5266 500 5338 amplexati
534 5271 714 5322 sunt:
752 5283 820 5322 ex
866 5266 1042 5322 altera
1088 5282 1245 5335 vero,
1278 5283 1405 5339 qua:
1450 5266 1740 5338 potentior
1771 5265 1842 5321 ab

168 5357 305 5413 illis
338 5358 572 5429 dicitur,
606 5356 873 5424 Cainum,
919 5360 1203 5425 Coraeum,
1257 5362 1313 5413 et
1359 5357 1672 5413 Abironem
1705 5373 1841 5429 pro-

173 5449 455 5517 cessisse,
489 5452 663 5519 atque
690 5448 833 5503 adeo
874 5447 1225 5503 Sodomitas:
1257 5454 1311 5503 et
1342 5446 1677 5519 quicunque
1707 5446 1840 5504 illos

173 5537 391 5607 secuti,
451 5536 709 5608 luxuque
757 5536 1113 5605 dilﬂuentes,
1185 5535 1440 5591 molliter
1476 5540 1535 5591 et
1592 5534 1841 5593 delicate

1951 4731 2255 4804 fraudatis,
2290 4740 2342 4788 et
2373 4730 2474 4789 hoc
2526 4732 2816 4804 fratribus.
2856 4734 2939 4789 An
2982 4735 3204 4791 nescitis
3258 4739 3387 4808 quia
3419 4738 3601 4810 iniqui

1954 4839 2187 4893 regnum
2220 4824 2314 4878 Dei
2361 4839 2471 4878 non
2514 4824 2868 4893 possidebunt
2897 4823 2924 4878 ?
2970 4825 3148 4881 Nolite
3175 4842 3393 4883 errare:
3424 4845 3599 4900 neque

1951 4911 2274 4983 fornicarii,
2319 4929 2490 4984 nequc
2539 4912 2703 4967 idolis
2747 4915 3060 4984 servientes,
3104 4932 3276 4987 neque
3332 4916 3594 4981 adulteri,

1952 5015 2126 5072 neque
2156 5001 2366 5069 molles,
2422 5017 2601 5073 neque
2646 5003 3020 5057 masculorum
3073 5005 3469 5073 concubitores,
3500 5021 3598 5061 ne-

1951 5106 2056 5161 que
2084 5095 2509 5162 fures,neneque
2531 5090 2709 5158 avari,
2735 5107 2914 5161 neque
2951 5091 3177 5161 ebriosi,
3204 5109 3378 5164 neque
3425 5095 3593 5149 male-

1952 5178 2080 5243 dici,
2114 5194 2286 5249 neque
2314 5194 2559 5250 rapaces,
2592 5194 2825 5247 regnum
2854 5181 2952 5235 Dei
2978 5182 3328 5251 possidebunt
3356 5181 3425 5239 ⁸⁸.

2020 5267 2211 5323 Verba
2241 5271 2434 5322 autem
2496 5266 2598 5322 illa
2653 5283 2765 5322 non
2821 5268 3141 5338 referenda,
3200 5286 3330 5341 quis
3380 5271 3595 5329 Paulus

1952 5356 2195 5412 auribus
2227 5356 2443 5425 hausit,
2495 5372 2625 5428 quas
2682 5355 2843 5412 nefas
2873 5362 2960 5413 est
3015 5359 3240 5413 nomini
3297 5358 3481 5433 loqui,
3511 5361 3596 5417 vel

1952 5462 2074 5517 quae
2108 5446 2180 5501 ad
2210 5445 2384 5501 ﬁdem
2420 5461 2532 5499 non
2564 5445 2872 5515 aedificant,
2910 5450 3145 5519 propter
3194 5449 3457 5519 ipsorum
3491 5468 3594 5506 no-

1947 5537 2207 5603 vitatem,
2240 5540 2299 5591 et
2331 5540 2550 5592 naturae
2586 5535 2850 5592 humanae
2892 5537 3315 5605 infirmitatem,
3363 5543 3591 5612 quatit,

244 5720 290 5754 σε
322 5719 372 5774 ΙΙ
405 5718 535 5778 Cor.
570 5735 645 5788 v1,
680 5720 764 5774 14.
841 5718 889 5754 ⁸³
919 5719 1093 5774 Hebr.
1126 5734 1229 5788 xu,
1265 5718 1349 5772 lt.
1427 5716 1475 5753 ⁸⁸
1505 5718 1526 5773 Ι
1558 5721 1685 5774 Cor.
1722 5735 1798 5790 Ix,
1829 5719 1866 5775 2

1997 5718 2045 5753 ⁸⁵
2076 5721 2101 5773 Ι
2131 5719 2260 5776 Cor.
2294 5736 2349 5789 v,
2383 5720 2417 5774 3
2450 5735 2612 5791 seqq.
2686 5720 2730 5755 °°
2759 5720 2781 5775 Ι
2810 5722 2937 5777 Cor.
2970 5737 3050 5792 v1,
3080 5723 3116 5775 7
3144 5739 3310 5796 seqq.
