4058 6212
472 399 620 458 1271

1788 395 2095 457 NICETIE
2136 393 2561 456 CHONIATzE

3735 390 3891 450 1272

471 535 537 585 ut
570 547 682 584 non
721 529 887 586 facile
918 530 1244 585 auditiones
1278 531 1615 599 hujusmodi
1658 530 1956 602 percipiat,
1994 545 2116 597 qua:
2149 535 2194 597 Λ
2231 529 2370 582 Deus
2399 526 2592 580 cmlunz
2623 527 2672 578 et
2695 532 2906 578 terram
2926 521 2993 576 7°.
3046 522 3263 577 Deinde
3307 522 3665 593 quibusdam
3717 540 3887 595 expo-

475 619 774 674 divinitale
805 624 1041 675 caeteras
1067 621 1436 677 antecedunt.

547 712 666 775 Quo
697 709 871 763 etiam
905 709 1102 763 referri
1126 710 1517 781 evangelicum
1553 709 1702 765 hanc
1734 709 2116 764 assertionem

475 795 741 851 existimo
771 813 783 851 :
818 796 1006 851 Adhuc
1036 798 1208 851 multa
1253 798 1420 853 habeo
1460 797 1608 854 vobis
1639 797 1836 865 dicere,
1865 797 1961 852 sed
2006 811 2114 850 non

473 889 698 958 potestis
744 894 964 956 portare
1004 887 1162 942 modo
1181 887 1248 940 ⁸⁷.
1291 890 1463 942 Item:
1514 889 1650 942 Sunt
1681 892 1860 942 autem
1903 891 1950 941 et
2001 887 2118 940 alia

475 977 674 1042 multa,
708 992 832 1047 quae
885 976 1017 1046 [coit
1067 979 1218 1032 Jesus
1274 977 1332 1032 in
1382 983 1672 1049 conspectu
1718 977 2119 1044 discipulorum

477 1083 705 1122 suorum
734 1083 746 1122 :
780 1083 897 1136 qua:
927 1066 976 1120 si
1013 1067 1332 1122 scribantur
1368 1085 1466 1138 per
1511 1067 1758 1136 singula,
1815 1083 1914 1120 nec
1939 1069 2119 1136 ipsum

479 1157 723 1213 arbitror
753 1157 1015 1211 mundum
1045 1173 1238 1228 capere
1265 1173 1413 1229 posse
1442 1174 1529 1212 eos
1567 1160 1664 1228 qui
1691 1157 1976 1212 scribendi
1993 1159 2120 1209 sunt

481 1247 648 1302 libros
677 1245 742 1299 ⁸⁸.
776 1246 876 1300 Vel
932 1247 1070 1318 quia
1124 1248 1260 1316 vita,
1312 1264 1438 1317 quae
1468 1248 1788 1302 secundum
1822 1245 2118 1300 Christum

478 1341 586 1404 est,
622 1344 792 1406 atque
823 1336 965 1390 adeo
1025 1353 1268 1409 regnum
1329 1336 1628 1403 caelorum,
1691 1334 2118 1407 quodammodo

477 1427 639 1491 latet,
674 1442 776 1480 nec
806 1425 1044 1480 omnino
1077 1427 1186 1480 sub
1219 1431 1520 1497 aspectum
1555 1426 1726 1482 cadit.
1762 1425 1878 1480 Hoc
1922 1440 2118 1491 sensu,

478 1535 592 1574 non
626 1517 816 1573 solum
841 1519 992 1572 bona
1022 1516 1209 1588 ipsius
1242 1517 1518 1572 humanis
1572 1516 1893 1572 rationibus
1927 1516 2122 1586 pervia

478 1625 593 1662 non
626 1611 786 1671 sunt,
820 1607 922 1661 sed
955 1623 1024 1660 ne
1049 1609 1320 1674 mysteria
1363 1607 1598 1676 quidem
1630 1606 1891 1674 ejusdem
1927 1605 2118 1659 doceri

478 1700 534 1750 et
565 1694 782 1765 percipi
814 1699 1076 1765 possunt.
1131 1693 1276 1749 Illud
1336 1709 1586 1764 quoque,
1635 1693 1856 1748 Audiuit
1912 1710 2120 1748 arcana

479 1783 665 1846 verba,
701 1798 827 1854 qua?
873 1799 983 1838 non
1036 1783 1164 1838 licet
1220 1782 1434 1837 homini
1495 1783 1739 1854 loqui“,
1801 1783 1878 1837 ita
1936 1783 2117 1853 accipi

2232 615 2384 682 sitis,
2416 613 2622 669 Adami
2654 616 2712 667 et
2762 612 2888 668 Evae
2950 613 3382 683 generationem
3435 611 3748 671 edisserit:
3783 630 3886 668 eo-

2233 707 2502 762 rumdem
2536 704 2763 776 lapsum
2798 707 2973 774 atque
3001 720 3032 758 e
3061 703 3333 774 paradiso
3364 702 3638 757 exsilium
3694 705 3885 774 subji-

2233 798 2412 854 ciens.
2472 798 2677 851 Postea
2732 811 2868 850 vero
2926 796 3010 850 sic
3066 793 3182 850 ait:
3243 795 3413 850 Adam
3454 811 3577 850 vero
3634 800 3886 865 cognorit.

2233 903 2461 943 uxorem
2490 902 2647 939 suam
2681 885 2866 951 Evam,
2899 898 3026 955 quae
3052 887 3296 955 concepit
3323 892 3376 939 et
3402 887 3608 956 peperit
3647 885 3784 938 Cain
3817 885 3881 938 7'.

2234 975 2409 1032 Paulo
2445 978 2575 1047 post
2623 973 2818 1029 Abelis
2867 989 3101 1045 quoque
3158 973 3524 1028 nativitatem
3579 975 3880 1040 describit,

2236 1083 2352 1121 non
2384 1066 2509 1120 sine
2540 1063 2753 1120 artium
2785 1062 3248 1131 enumeratione,
3283 1063 3341 1117 in
3375 1064 3595 1134 quibus
3638 1080 3700 1119 se
3733 1071 3883 1119 nter-

2237 1171 2352 1227 que
2383 1155 2701 1210 exercebat.

2305 1248 2603 1303 Virtutum
2636 1262 2829 1318 porro,
2863 1262 2990 1318 quae
3024 1245 3284 1301 materiei
3337 1262 3579 1317 prorsus
3631 1259 3886 1303 exsortes

2237 1344 2417 1393 Deum
2450 1338 2856 1403 circumstant,
2885 1334 3107 1391 nullam
3139 1339 3325 1391 Moses
3359 1353 3545 1407 neque
3579 1338 3638 1392 in
3682 1341 3890 1395 Genesi

2239 1443 2431 1497 neque
2466 1427 2523 1479 in
2579 1426 2772 1480 Exodo
2826 1425 3181 1481 mentionem
3236 1425 3387 1494 fecit,
3439 1427 3550 1480 nisi
3615 1428 3801 1484 semel
3835 1431 3888 1483 in

2239 1517 2499 1583 Cantico,
2533 1515 2627 1570 his
2659 1515 2851 1570 verbis
2879 1532 2891 1568 :

2311 1607 2602 1661 Constituit
2660 1606 2922 1660 terminos
2973 1606 3303 1675 populorum
3355 1607 3522 1676 juxta
3595 1624 3894 1663 numerum

2238 1693 2569 1765 angelorum
2597 1695 2715 1763 ejus
2745 1692 2810 1745 7‘3.
2843 1693 3016 1747 Jesus
3051 1709 3218 1763 porro
3250 1692 3404 1747 Nave
3432 1700 3601 1750 nocte
3635 1697 3688 1751 in
3725 1713 3888 1751 exer-

2239 1785 2354 1838 citu
2389 1781 2730 1837 Michaelem
2764 1781 3072 1836 Dominica
3108 1781 3327 1840 militiae
3373 1784 3718 1856 principem,
3756 1804 3891 1841 cum

481 1876 708 1943 potest:
746 1876 962 1942 Raptus
997 1872 1204 1927 Paulus
1253 1871 1354 1926 illa
1402 1871 1644 1926 minime
1690 1871 1897 1942 linguae
1929 1873 2124 1942 cujus-
2152 1872 2200 1936 Β
2241 1871 2504 1926 districto
2535 1870 2728 1942 gladio
2757 1871 2920 1925 vidit.
2967 1871 3254 1926 Caeterum
3301 1874 3358 1927 in
3395 1873 3465 1930 iis
3492 1877 3893 1945 generationi-

483 1977 660 2031 quam
693 1960 1076 2032 explicatione
1122 1962 1400 2032 percepit,
1447 1961 1546 2016 sed
1607 1959 1692 2015 illi
1750 1961 1932 2016 animi
1980 1962 2129 2033 parti

486 2066 610 2122 quae
643 2049 884 2105 rationis
917 2053 1004 2104 est
1036 2050 1345 2122 particeps,
1379 2050 1593 2105 tacitus
1624 2049 1943 2122 impressit.
1978 2050 2132 2106 Deus

487 2140 643 2195 enim
675 2155 1046 2210 nequaquam
1081 2155 1213 2194 voce
1238 2138 1609 2210 colloquitur,
1644 2155 1972 2210 arcanaque
2001 2157 2132 2211 sug-

491 2229 662 2300 gerit,
701 2229 803 2284 sed
836 2228 937 2283 illa
993 2245 1194 2282 eorum
1236 2229 1452 2284 animis
1483 2227 1709 2298 inserit,
1761 2245 1906 2298 quos
1955 2228 2133 2284 collo-

493 2317 629 2390 quio
653 2317 948 2389 dignatur.
985 2317 1207 2380 Quibus
1237 2316 1415 2387 igitur
1445 2317 1673 2372 arcanis
1726 2316 1884 2371 nullo
1917 2317 2130 2388 lingua:

494 2407 817 2462 ministerio
850 2406 1118 2461 initiatus
1149 2411 1256 2473 est,
1291 2423 1358 2461 ea
1383 2407 1558 2460 etiam
1620 2422 1690 2461 ne
1745 2405 1946 2476 lingua
2003 2406 2129 2475 qui-

494 2496 623 2550 dem
650 2494 932 2564 explicare
964 2495 1159 2550 voluit.

1157 2601 1305 2657 CAP.
1345 2601 1460 2657 XII.

636 2709 970 2768 Duodecima
1009 2709 1257 2774 haeresis,
1292 2709 1702 2765 Sethi‘anorum.
1746 2710 1814 2764 Hi
1845 2710 2024 2781 bapti-

1199 2794 1417 2836 tantur.

554 2888 816 2946 Sethiani
847 2891 917 2943 ab
969 2887 1191 2960 angelis
1223 2894 1435 2944 cuncta
1491 2894 1682 2944 ortum
1745 2889 1955 2944 ducere
2013 2893 2132 2943 tra-

486 2976 634 3032 dunt
666 2993 679 3031 :
715 2983 890 3046 atque
921 2978 1069 3032 duos
1101 2977 1158 3032 in
1195 2977 1397 3045 primis
1459 2977 1746 3046 homines,
1799 2978 2043 3032 Cainum
2078 2981 2134 3033 et

485 3065 746 3120 Abelem.
781 3069 855 3120 De
888 3066 1104 3136 quibus
1137 3083 1267 3120 cum
1301 3066 1614 3136 aliquando
1647 3066 1800 3121 inter
1839 3084 1900 3121 se
1942 3065 2133 3136 angeli

484 3153 912 3208 contentiosius
945 3153 1433 3225 digladiarentur,
1487 3155 1720 3211 Abelem
1753 3155 1968 3211 Cainus
2024 3172 2131 3210 an-

484 3242 746 3312 gelorum
779 3243 1082 3297 fortiorum
1117 3244 1331 3298 auxilio
1363 3244 1672 3299 interiecit.
1717 3245 1838 3308 Quo
1891 3245 2124 3316 cognito
2165 3244 2208 3311 C

488 3333 754 3403 superior
785 3332 881 3386 illa
908 3333 1111 3397 virtus,
1139 3350 1314 3404 quam
1372 3341 1616 3388 matrem
1669 3336 1842 3389 etiam
1895 3338 2124 3402 vocant,

487 3436 632 3491 puro
654 3419 876 3473 semine
906 3426 1200 3490 suscepto,
1234 3420 1476 3474 Scthum
1509 3423 1580 3476 ad
1621 3423 1865 3492 justitia:
1899 3424 2124 3479 stabili-

488 3511 770 3574 mentum,
794 3506 1152 3578 seminisque
1183 3507 1468 3562 delectum
1501 3511 1742 3564 efﬁnxit.
1775 3516 2123 3581 't‘emporum

487 3614 657 3669 porro
690 3613 963 3651 successu
996 3612 1209 3668 genera
1230 3596 1330 3651 illa
1359 3597 1494 3666 duo,
1531 3599 1748 3663 Abelis,
1773 3601 2036 3670 inquam,
2069 3606 2127 3656 et

483 3685 666 3756 Caini,
698 3685 1004 3742 commista
1034 3691 1190 3740 sunt.
1217 3686 1547 3750 Quinetiam
1598 3687 1955 3759 angeli,_qui
2005 3691 2127 3745 Cai-

485 3792 624 3831 num
659 3780 715 3830 et
745 3775 979 3830 Abelem
1004 3773 1418 3842 formaveraut,
1448 3791 1580 3831 cum
1607 3777 1870 3832 viderent
1888 3777 2122 3835 illorum

482 3864 651 3931 ﬁlias,
695 3863 846 3934 quod
883 3862 1135 3933 pulchras
1169 3872 1384 3929 essent,
1418 3881 1538 3918 rem
1570 3881 1703 3919 cum
1755 3865 1870 3920 illis
1902 3866 2121 3922 habue-

481 3957 636 4007 runt.
661 3953 821 4017 Quod
857 3968 989 4006 cum
1022 3953 1290 4022 superior
1323 3958 1508 4008 mater
1539 3953 1635 4009 illa
1671 3955 1930 4022 vidisset,
1964 3956 2120 4011 dilu-

478 4041 634 4096 vium
667 4040 934 4106 immisit,
975 4045 1032 4096 et
1089 4048 1403 4112 utrumque
1461 4058 1646 4112 genus
1701 4046 2119 4114 pessumdedit,

477 4147 544 4186 eo
567 4130 688 4185 solo
720 4144 928 4199 genere
974 4131 1309 4199 superstite,
1361 4133 1510 4201 quod
1567 4150 1600 4186 a
1656 4133 1830 4188 Setbo
1881 4133 2119 4188 descen-

479 4219 660 4273 derat.
695 4221 972 4272 Caaterum
1006 4217 1063 4272 hi
1097 4217 1377 4284 Selbiani,
1401 4220 1468 4273 ad
1496 4237 1679 4291 nugas
1711 4223 1860 4291 quod
1892 4222 2118 4292 attinet,

479 4324 625 4378 quas
655 4307 726 4363 de
757 4307 979 4377 angelis
1001 4311 1056 4360 et
1086 4307 1471 4376 potestatibus
1505 4307 1941 4378 circumferunt,
1975 4311 2120 4365 mire

479 4413 610 4450 cum
643 4395 874 4452 Caianis
906 4397 1276 4452 conveniunt.

788 4503 1062 4558 Haercseos
1097 4502 1448 4572 praecedentis
1476 4507 1804 4574 confutatio.

2242 1961 2374 2026 bus,
2409 1977 2535 2030 qua
2567 1963 2827 2029 tempora
2860 1959 2957 2014 illa
2979 1960 3300 2016 subsecutae
3327 1969 3485 2031 sunt,
3507 1982 3539 2018 a
3565 1965 3894 2032 judicibus,

2242 2048 2566 2121 prophetis,
2599 2047 2848 2120 aliisque
2873 2049 3106 2118 justitia
3136 2051 3464 2106 celebribus
3513 2054 3653 2108 viris
3697 2072 3894 2110 coram

2241 2139 2350 2194 visi
2385 2142 2525 2192 sunt
2554 2137 2768 2208 angeli,
2802 2137 2903 2207 qui
2927 2137 3072 2192 nihil
3095 2139 3254 2193 aliud
3275 2142 3893 2214 essevidcniur,quam

2243 2233 2464 2283 natura:
2499 2227 2768 2297 quaedam
2801 2226 3116 2296 simplices,
3137 2246 3263 2299 quae
3298 2230 3460 2285 nullo
3484 2232 3659 2286 modo
3689 2240 3789 2288 aut
3811 2237 3898 2290 vis

2241 2316 2300 2370 in
2345 2315 2571 2386 pejores
2627 2319 2825 2386 partes
2883 2318 3224 2370 transversae
3280 2318 3632 2389 rapiuntur:
3696 2322 3897 2377 divinae

2245 2403 2477 2476 quidem
2507 2403 2788 2458 claritatis
2822 2420 3082 2474 capaces,
3117 2421 3151 2458 a
3182 2410 3441 2462 nostrate
3483 2425 3616 2464 vero
3665 2428 3895 2467 concre-

2244 2492 2401 2547 tione
2433 2491 2720 2546 materiali
2755 2508 2995 2562 prorsus
3028 2492 3342 2550 immunes.

2315 2579 2598 2635 Caeterum
2633 2579 2693 2634 bi
2737 2580 3019 2646 Setbiani,
3055 2582 3216 2637 nulla
3266 2583 3600 2642 divinorum
3663 2605 3893 2644 eorum-

2244 2669 2495 2738 demque
2555 2667 2941 2722 Mosaicorum
2989 2669 3343 2741 scriptorum
3394 2671 3599 2729 habita
3646 2677 3892 2745 ratione,

2245 2758 2352 2812 hoc
2385 2755 2638 2811 universi
2670 2773 2881 2826 corpus
2915 2758 2987 2811 ab
3030 2758 3254 2829 angelis
3307 2762 3700 2819 constitutum
3736 2786 3893 2825 asse-

2246 2851 2383 2901 runt
2405 2864 2436 2900 a
2471 2845 2688 2917 quibus
2719 2845 2936 2901 Cainus
2967 2850 3024 2901 et
3059 2847 3197 2902 Abel
3239 2849 3414 2919 primi
3446 2854 3626 2908 creati
3659 2855 3894 2922 fuerint,

2244 2935 2580 3007 suppressis
2617 2939 2950 3006 parentum,
2995 2936 3203 2991 Adami
3237 2937 3460 2994 scilicet
3520 2943 3769 3016 Eveque
3797 2965 3898 3003 no.

2245 3025 2526 3080 minibus.
2560 3025 2772 3080 Deinde
2800 3025 3038 3080 Abelem
3071 3043 3103 3080 a
3161 3028 3338 3084 Caino
3383 3032 3730 3101 angelorum
3781 3040 3896 3093 for-

2242 3116 2458 3170 tiorum
2493 3131 2598 3186 ope
2630 3115 3002 3170 interfectum
3036 3117 3293 3172 tradunt.
3329 3120 3398 3174 Et
3429 3123 3583 3192 quod
3642 3127 3893 3183 maxime

2243 3204 2566 3259 absurdum
2599 3208 2706 3273 est,
2740 3219 2807 3258 ex
2837 3205 3032 3260 divina
3063 3206 3317 3276 quadam
3350 3209 3588 3275 virtute.
3626 3215 3715 3271 sic
3748 3220 3892 3272 enim

2237 3301 2465 3360 vocant,
2499 3309 2624 3363 quae
2650 3309 2681 3347 a
2714 3296 2879 3348 Patre
2911 3293 3130 3350 ccelesti
3159 3312 3357 3352 semen
3391 3311 3768 3373 conceperat,
3799 3308 3888 3361 Se-

2237 3384 2405 3436 tbum
2441 3387 2642 3437 natum
2678 3382 3035 3439 fabulantur.
3086 3384 3274 3456 Impia
3325 3405 3492 3459 porro
3545 3394 3729 3448 verba
3777 3396 3884 3450 hac

2238 3473 2549 3544 praestigiis
2584 3472 2772 3544 magis
2815 3473 3014 3544 impiis
3045 3476 3436 3546 cumulantes,
3476 3484 3726 3553 angelos
3755 3503 3883 3542 cum

2238 3561 2583 3617 mulieribus
2632 3578 2978 3633 congressos
3011 3563 3298 3636 intrepide
3350 3578 3647 3638 asserunt,
3712 3592 3886 3646 quas

2235 3650 2412 3705 Caino
2443 3655 2500 3705 et
2546 3650 2721 3706 Abele
2760 3652 3216 3723 descenderant;
3267 3661 3326 3712 et
3374 3667 3664 3728 quantum
3708 3668 3892 3735 conjs.

2235 3739 2413 3793 cturis
2439 3755 2741 3810 assequor,
2798 3741 3014 3796 auditis
3049 3742 3135 3796 bis
3169 3744 3396 3800 Moseos
3426 3749 3662 3804 verbis:
3704 3754 3892 3809 Viden—

2235 3836 2312 3881 tes
2332 3827 2441 3896 ﬁlii
2474 3829 2568 3882 Dei
2597 3829 2744 3896 ﬁlias
2775 3828 3082 3894 hominum,
3117 3832 3264 3903 quod
3290 3835 3550 3902 pulchra
3574 3847 3770 3904 essent,
3795 3861 3892 3896 ac-

2232 3926 2490 3986 ceperunt
2527 3919 2635 3971 sibi
2666 3933 2862 3972 uxores
2883 3917 2949 3984 ⁷³,
2986 3919 3137 3974 ﬁlios
3186 3923 3279 3976 Dei
3316 3925 3478 3980 nullo
3527 3929 3755 3997 judicio
3791 3951 3893 3987 an-

2233 4004 2392 4075 gelos
2427 4005 2826 4075 nominarunt,
2883 4007 3084 4077 quain
3147 4027 3205 4064 re
3248 4029 3308 4067 se
3357 4030 3663 4084 perversos
3715 4038 3899 4078 sacra:

2232 4094 2542 4164 Scriptura:
2588 4096 2951 4165 interpretes,
3004 4103 3203 4167 atque,
3260 4104 3325 4154 ut
3365 4102 3446 4156 ita
3494 4106 3712 4174 dicam,
3768 4113 3897 4168 suis

2232 4183 2488 4254 ipsorum
2522 4185 2827 4238 sententiis
2849 4190 3043 4255 aperte
3067 4199 3457 4259 repugnantes
3478 4199 3894 4256 ostenderunt.

2229 4269 2481 4341 Angelos
2513 4271 2691 4338 enim,
2726 4289 2756 4325 a
2779 4272 2994 4342 quibus
3028 4291 3221 4330 rerum
3256 4279 3698 4340 universitatem
3759 4306 3894 4358 pro-

2230 4359 2466 4414 ductam
2501 4361 2683 4415 fuisse
2715 4362 2934 4426 volunt,
2960 4379 3026 4417 ac
3050 4362 3096 4416 si
3118 4366 3458 4436 corporibus
3483 4375 3895 4448 membrisque

2227 4446 2492 4503 virilibus
2527 4467 2642 4505 non
2676 4459 2927 4519 careant,
2963 4451 3113 4508 male
3154 4459 3210 4509 et
3241 4454 3419 4526 impie
3452 4461 3736 4518 muliebri
3772 4446 3898 4538 pui-

2228 4537 2564 4594 chritudine
2611 4546 2812 4611 captos
2874 4549 3170 4609 asserunt,
3243 4562 3487 4617 eamque
3541 4568 3659 4607 non
3717 4537 3894 4613 secus

547 4607 823 4701 Setbianlf
852 4624 926 4701 60_
950 4608 1083 4701 dic-li
1133 4615 1308 4701 νευυῐ,
1353 4611 1504 4701 quod
1557 4611 1727 4666 Setbo
1761 4613 2113 4686 adhaereant.
2148 4615 2194 4680 Ι)
2226 4627 2421 4681 venari
2455 4644 2561 4681 suo
2596 4607 2894 4698 figmento,
2926 4635 3100 4700 atque
3135 4607 3239 4687 nos
3284 4607 3458 4691 hamo
3488 4607 3900 4701 natatiliav

475 4697 721 4766 ejusque
751 4695 882 4749 vitae
915 4695 1248 4750 institutum
1289 4700 1596 4766 magnilice
1619 4701 1878 4756 efferant.
1905 4705 2114 4766 Quem-

475 4786 788 4842 admodum
822 4790 878 4840 et
921 4785 1136 4854 Caiani,
1186 4789 1337 4856 quod
1391 4787 1548 4841 Caini
1602 4791 1814 4859 placita
1861 4811 1972 4864 prae
2004 4811 2110 4850 caa-

472 4876 614 4932 teris
644 4875 757 4930 sibi
789 4884 1195 4948 pr0ponerent,
1245 4892 1422 4947 eaque
1480 4886 1885 4948 sequerentur.
1938 4890 2111 4941 Porro

471 4965 967 5038 quemadmodum
999 4963 1311 5020 Cainorum
1346 4968 1622 5036 dogmata
1669 4978 1899 5040 propter
1945 4973 2114 5027 {mdi-

467 5061 646 5113 tatem
697 5055 1044 5112 detestanda
1083 5059 1242 5122 sunt,
1286 5055 1364 5110 ita
1423 5056 1713 5113 Sethianis
1762 5042 2110 5119 orthodoxe-

466 5165 597 5203 rum
630 5152 813 5203 coetus
846 5145 1084 5201 omnino
1117 5145 1553 5201 interdicendus
1583 5153 1694 5213 est,
1744 5151 2110 5224 quandoqui-

465 5239 596 5293 dem
625 5236 858 5293 illorum
886 5234 1228 5290 traditiones
1256 5237 1482 5290 veritati
1529 5253 1640 5291 non
1684 5245 1824 5293 sunt
1873 5257 2110 5296 consen-

465 5333 670 5394 taneae,
704 5328 821 5382 imo
853 5343 886 5382 a
917 5325 1173 5380 Mosaica
1221 5325 1532 5396 disciplina
1584 5343 1824 5398 prorsus
1883 5330 2103 5389 alienis.

465 5415 606 5470 Cum
638 5416 791 5470 enim
825 5415 1014 5470 Moses
1056 5415 1126 5467 de
1159 5413 1334 5481 hujus
1386 5417 1637 5471 universi
1691 5420 2107 5477 constitutione

468 5503 655 5556 dicere
704 5506 1128 5574 proposuisset,
1178 5506 1243 5558 1η
1289 5506 1564 5576 principio
1622 5505 1832 5578 inquit,
1883 5513 2104 5582 creavit,

537 5623 586 5658 ⁸⁷
613 5623 779 5680 Joan.
812 5645 922 5681 xw.
963 5630 1046 5680 ti’.

1151 5629 1200 5661 ⁸⁸
1230 5631 1398 5685 Joan.
1432 5651 1548 5699 xx1,
1579 5635 1668 5687 23.

467 5696 512 5732 ⁷³
542 5695 686 5751 Gen.
718 5709 793 5762 νι,
821 5697 877 5752 2.

1772 5636 1820 5668 ⁸9
1850 5638 1897 5690 Il
1929 5641 2059 5692 Cor.
2090 5656 2190 5709 xu,
2223 5643 2274 5696 4.

2229 4716 2442 4770 lemus.
2488 4717 2559 4769 At
2610 4732 2719 4770 non
2772 4717 2848 4770 ila
2894 4735 2954 4773 se
3003 4735 3095 4775 res
3136 4720 3350 4778 habet:
3403 4727 3498 4780 sed
3552 4730 3696 4786 deos
3745 4735 3899 4791 Scri-

2226 4809 2398 4875 ptura
2429 4804 2578 4859 solet
2608 4821 2704 4858 eos
2755 4806 3074 4876 appellare,
3130 4810 3230 4880 qui
3284 4811 3496 4868 virtute
3538 4817 3771 4890 Deique
3809 4842 3894 4878 ce-

2224 4894 2486 4964 gnitione
2519 4895 2739 4948 caateris
2774 4895 2938 4950 facile
2959 4903 3270 4966 praestant:
3306 4902 3496 4972 qualis
3531 4925 3563 4961 a
3597 4912 3758 4965 Moss
3795 4915 3892 4969 Se-

2222 4983 2359 5036 thus
2419 4983 2790 5053 describitus,
2847 4985 3125 5041 nimirum
3187 4989 3287 5044 Dei
3349 5009 3550 5049 amore
3612 4999 3889 5070 celebris,

2223 5071 2575 5144 piorumque
2604 5073 2799 5128 Abelis
2834 5091 3062 5129 morum
3114 5077 3376 5135 imitator
3416 5087 3846 5146 exactissimus
3878 5113 3888 5144 :

2221 5161 2720 5230 quemadmodum
2745 5167 2800 5217 et
2830 5164 3084 5217 vaticinii
3136 5167 3266 5236 ejus
3315 5169 3628 5230 character
3663 5178 3746 5232 ita
3776 5183 3890 5236 sibi

2219 5254 2472 5321 constat,
2507 5251 2832 5307 utevariari
2869 5268 2983 5307 non
3045 5256 3251 5324 possit.
3291 5259 3511 5316 Idcirco
3536 5267 3696 5321 enim
3740 5272 3896 5326 inter

2223 5337 2496 5396 homines
2548 5343 2615 5395 de
2649 5342 2989 5421 corporibus
3042 5345 3378 5404 cmlestibus
3430 5354 3895 5427 phitoscl[.t;-ams

2217 5435 2327 5495 est,
2365 5431 2736 5500 futuramque
2771 5433 3076 5487 mundanae
3119 5436 3300 5490 totius
3335 5442 3628 5499 machina:
3679 5469 3886 5504 curru-

2218 5518 2473 5586 ptionen:
2513 5536 2612 5590 per
2645 5519 2889 5574 alterum
2924 5537 2991 5576 ex
3014 5522 3240 5578 duobus
3268 5526 3577 5586 clementis
3604 5548 3892 5604 praesten-

2378 5645 2422 5679 ⁷ο
2443 5645 2584 5699 Gen.
2620 5662 2656 5712 ι,
2694 5647 2740 5699 1.
2847 5648 2887 5682 τί
2923 5647 3062 5702 Gen.
3098 5665 3171 5716 iv,
3208 5652 3256 5704 1.
3357 5655 3402 5687 τε
3430 5662 3603 5714 Deut.
3648 5680 3788 5730 xxx,
3828 5668 3886 5719 3.
