4090 6192
323 327 482 387 12⁸73

322 1267 668 1336 proferatur,
705 1279 806 1318 nec
856 1262 1275 1334 synecdochice
1321 1263 1692 1331 subauditur,
1753 1260 1968 1316 malam

322 1356 382 1409 in
407 1359 652 1424 partem,
687 1360 743 1407 ut
785 1351 1103 1422 plurimum
1141 1353 1324 1407 sacris
1358 1353 1414 1406 in
1449 1351 1855 1420 Scripturis,et
1887 1350 1971 1404 in-

323 1444 574 1515 telligiet
630 1442 812 1512 accipi
872 1441 1055 1496 solet:
1091 1459 1206 1512 quo
1267 1441 1323 1494 in
1409 1440 1742 1510 significatu
1797 1438 1968 1492 etiam

326 1534 480 1602 apud
511 1531 786 1586 Davidem
848 1531 1098 1585 dicitur:
1160 1530 1292 1585 Filii
1337 1529 1644 1595 hominum,
1696 1543 1968 1598 usquequo

325 1621 485 1692 gravi
513 1621 670 1676 corde
709 1621 784 1674 7“?
816 1621 955 1675 Item
983 1636 995 1673 :
1026 1619 1163 1675 Filii
1191 1618 1496 1688 hominum,
1541 1619 1726 1673 dentes
1776 1633 1968 1672 eorum

327 1729 484 1767 arma
515 1721 566 1766 et
593 1710 812 1780 sagittae
859 1708 927 1763 ⁷⁵.
961 1711 1141 1764 Item:
1203 1709 1316 1763 Non
1373 1707 1573 1763 timebo
1615 1707 1744 1778 quid
1793 1709 1968 1776 faciat

321 1802 461 1856 mihi
488 1801 646 1856 homo
662 1798 730 1856 τί).

389 1891 736 1946 Filiiautem
762 1889 885 1958 Dei,
920 1887 1020 1958 qui
1052 1887 1280 1943 aSetho
1309 1888 1403 1959 pio
1453 1887 1576 1942 viro
1627 1903 1810 1958 genus
1858 1887 1960 1941 du-

317 1980 700 2050 cebantapud
737 1977 1101 2048 tempestatis
1173 1976 1332 2031 illius
1383 1975 1649 2031 homines
1709 1976 1961 2031 oblecta-

319 2072 554 2136 bantur,
583 2066 1074 2142 quemadmodum
1111 2066 1299 2122 Moses
1333 2067 1421 2121 his
1463 2066 1655 2121 verbis
1714 2067 1963 2122 obscure

320 2160 740 2217 subindicavit:
790 2159 850 2212 Et
882 2156 1141 2212 viderunt
1169 2157 1282 2221 ﬁlii
1314 2158 1405 2212 dei
1462 2158 1610 2227 ﬁlias
1650 2156 1962 2224 hominum,

319 2251 460 2324 quod
475 2249 726 2322 pulchrae
755 2251 956 2312 essent,
987 2256 1042 2302 et
1071 2250 1509 2317 acceperunteas
1525 2249 1583 2301 in
1615 2247 1873 2314 coniuges
1896 2246 1959 2299 ⁷⁷.

319 2339 564 2397 Davides
593 2343 786 2393 autem
819 2335 1078 2408 apertius
1112 2335 1169 2390 id
1194 2336 1523 2407 prolatavit,
1557 2337 1698 2390 dum
1740 2335 1964 2390 chordi-

323 2429 447 2486 toni
480 2426 990 2500 psalteriicbordis
1022 2441 1346 2497 personans
1403 2425 1560 2480 hunc
1621 2426 1680 2480 in
1722 2425 1962 2479 modum

320 2517 593 2591 psalleret
625 2533 639 2571 :
673 2519 780 2587 Ego
810 2514 1064 2583 dimi,Dii
1083 2515 1291 2579 estis,et
1313 2515 1422 2583 ﬁlii
1450 2514 1721 2569 Altissimi
1752 2529 1959 2568 omnes.

328 2610 423 2665 Vos
454 2610 636 2662 autem
665 2615 725 2660 ut
750 2605 994 2660 homines
1041 2605 1375 2671 moriemini,
1435 2611 1484 2658 et
1541 2609 1603 2657 ut
1679 2601 1959 2676 ἀρχόντων

311 2713 409 2752 seu
427 2696 851 2768 principatuum
872 2710 1014 2750 uuus
1045 2692 1255 2748 cadetis
1289 2690 1360 2746 ⁷⁸.

963 2801 1116 2855 CAP.
1171 2799 1319 2855 XIII.

326 2913 500 2968 Tertia
541 2911 753 2966 decima
794 2909 1038 2978 heresis,
1099 2908 1558 2964 Archonticorum
1599 2923 1692 2963 seu
1743 2907 1961 2964 Princi-

705 2987 964 3053 patuum.
1049 2982 1116 3036 Hi
1191 2980 1569 3052 baptizantur.

394 3093 613 3148 Nomen
648 3091 737 3145 his
769 3107 800 3144 a
827 3087 1198 3161 dogmatibus
1248 3088 1588 3156 impositum
1649 3093 1757 3143 est.
1813 3088 1958 3143 Cum

1665 323 2058 386 THESAURI
2105 328 2254 386 LIB.
2303 327 2405 388 IV.

325 459 594 522 tioribus,
629 473 806 528 aqua,
839 457 1102 526 inquam,
1165 462 1218 509 et
1250 455 1404 525 igne,
1458 456 1724 526 praedixit
1755 472 1768 508 :
1805 460 1978 527 atque
2011 459 2061 525 Α

324 551 467 605 adeo
501 547 793 604 columnis
823 548 1055 602 duabus
1113 545 1442 616 inscripsit,
1498 561 1856 618 quaecunque
1917 547 1976 600 in

328 638 457 694 ραδὶὶ
487 637 701 692 tabulis
735 645 906 692 antea
939 636 1174 706 legerat.
1206 634 1630 690 Columnarum
1702 635 1880 691 altera
1911 651 1980 692 ex

325 728 508 784 latere
539 727 728 783 coctili
787 729 1127 798 praeparata,
1193 725 1375 780 altera
1429 725 1618 794 lapide
1673 725 1980 798 exsculpta

329 823 472 888 erat,
504 823 568 873 ut
615 817 665 873 si
714 817 948 888 quando
1000 817 1132 886 igne
1192 816 1646 871 absumerentur
1684 815 1976 882 homines,

325 907 581 963 lateritia
642 906 1063 976 inconsumpta
1113 909 1470 977 superesset,
1528 905 1576 959 si
1636 920 1768 959 vero
1827 921 1977 974 aqua

327 997 570 1070 perituri
626 1003 841 1065 essent,
895 995 1126 1066 lapidea
1171 1001 1636 1050 conservaretur.
1691 994 1973 1050 Caeterum

327 1085 462 1141 filim
494 1085 801 1140 hominum
834 1083 944 1138 illae
975 1088 1132 1150 sunt,
1168 1101 1293 1154 quae
1318 1102 1350 1139 a
1381 1083 1539 1138 Caini
1565 1100 1774 1150 genere
1836 1099 1972 1154 pro-

324 1179 632 1231 venerunt.
669 1175 791 1228 llrec
849 1173 1003 1228 enim
1059 1190 1185 1239 vox,
1258 1175 1452 1239 homo,
1514 1173 1640 1227 sine
1692 1172 1973 1242 adjuncto

3585 334 3740 392 i274

2372 467 2650 518 tlwreseos
2690 466 3053 533 praecedentis
3133 468 3457 536 confit/otio.

2161 586 2559 643 Tenebrarum
2593 589 2879 661 principis
2912 607 3106 644 revera
3149 591 3417 661 discipuli
3469 598 3608 647 sunt
3637 611 3728 648 ar—

2091 675 2342 731 cbontici
2373 694 2474 732 seu
2517 679 2958 753 principatuum
3040 682 3288 747 lictores,
3363 681 3451 735 vel
3507 683 3727 753 princi-

2090 763 2272 834 pales.
2302 765 2480 822 Vanis
2511 767 2666 822 enim
2696 785 2891 824 rerum
2923 769 3223 826 vocabulis
3244 770 3303 824 in
3337 771 3597 825 animum
3642 773 3730 827 in-

2089 855 2278 910 ductis
2297 873 2494 922 suum,
2528 857 2923 914 hebdomadas
2953 865 3010 915 et
3059 861 3375 931 ogdoadas,
3409 878 3508 916 seu
3545 869 3730 932 septe-

2086 945 2284 1002 narios
2311 951 2366 1002 et
2393 949 2720 1003 octonarios
2737 965 3013 1004 numeros
3041 951 3319 1004 caelorum
3337 950 3726 1006 conﬁxerunt.

2085 1034 2274 1106 iisque
2295 1036 2590 1110 principes
2617 1038 3020 1109 praifecerunt,
3057 1055 3169 1093 non
3205 1038 3374 1109 quale
3417 1039 3606 1094 Moses
3651 1040 3732 1094 ait

2087 1125 2358 1180 Constitui
2385 1127 2648 1182 terminos
2666 1128 3017 1198 populorum,
3068 1130 3232 1195 iuxta
3274 1144 3570 1183 numerum
3619 1147 3719 1184 an-

2082 1223 2333 1286 getopum
2356 1216 2469 1287 ejus
2498 1217 2668 1284 7°,sed
2703 1217 3016 1286 unicuique
3046 1217 3173 1272 cmli
3207 1219 3723 1288 subpraefecturam

2083 1321 2198 1358 non
2229 1320 2395 1362 secus
2417 1307 2838 1377 adjudicarent,
2876 1312 3048 1377 atque
3080 1307 3126 1361 si
3166 1307 3306 1361 nulli
3367 1307 3720 1379 principatui

2077 1394 2348 1450 subditus
2378 1401 2548 1451 esset.
2576 1396 2693 1451 Hoc
2735 1412 2869 1452 vero
2923 1397 3063 1467 quid
3115 1397 3295 1464 aliud,
3347 1414 3562 1468 quaeso,
3629 1403 3726 1453 est

2080 1499 2253 1554 quam
2290 1485 2634 1556 multiplicis
2665 1486 3085 1540 dominationis
3121 1487 3725 1558 introductio,Deiquc

2079 1577 2472 1641 contemptus,
2505 1574 2780 1643 quibanc
2839 1590 3031 1628 rerum
3093 1575 3532 1630 universitatem
3583 1594 3716 1648 pro-

2077 1660 2247 1716 tulit?
2275 1662 2436 1726 Quod
2470 1663 2644 1716 etiam
2699 1664 3121 1732 propemodum
3166 1665 3534 1733 profitentur,
3570 1667 3708 1719 dum

2075 1750 2345 1828 φωτεινὴν
2368 1766 2464 1804 seu
2489 1750 2740 1805 lucidam
2775 1753 3082 1821 quamdam
3108 1753 3713 1819 introducunt,diabo-

1988 1829 2035 1893 B
2066 1842 2306 1912 lumque
2339 1839 2594 1910 septima:
2638 1841 2956 1910 potestatis,
3000 1839 3184 1895 ﬁlium
3220 1856 3347 1896 esse
3382 1847 3720 1907 autumant,

2069 1937 2244 2002 atque
2275 1946 2402 1985 eum
2436 1947 2563 1985 esse
2595 1929 2847 1984 Sabaoth
2876 1935 3055 1985 Deum
3091 1933 3462 1985 Hebraeorum
3515 1932 3709 2002 impu-

2067 2021 2271 2075 denter
2332 2017 2780 2090 proloquuntur,
2832 2023 2894 2072 ut
2951 2018 3048 2089 qui
3114 2018 3226 2073 Deo
3261 2019 3532 2073 contrarii
3573 2020 3710 2074 sinl.

2067 2109 2317 2180 Quaeque
2341 2105 2692 2178 supradictis
2726 2108 2912 2176 magis
2947 2105 3122 2175 impia
3148 2111 3200 2160 et
3241 2106 3477 2160 ridicula
3528 2107 3713 2174 dicas,

2068 2201 2188 2251 Evaa
2221 2214 2351 2252 cum
2387 2197 2647 2251 daemone
2681 2194 3082 2260 concubitum,
3116 2198 3172 2248 et
3202 2210 3269 2248 ex
3313 2211 3510 2249 eorum
3571 2212 3711 2251 con-

2066 2304 2275 2360 gressu
2301 2285 2547 2341 Cainum
2584 2290 2640 2339 et
2672 2282 2899 2338 Abelem
2935 2288 3243 2354 conceptos
3293 2299 3422 2338 esse
3487 2285 3710 2339 confin-

2064 2377 2310 2450 gunt.0
2378 2374 2574 2446 qualia
2614 2373 2909 2443 malignus
2997 2373 3094 2428 ille
3169 2373 3572 2445 menduciique
3637 2375 3708 2430 ab

2065 2466 2232 2521 initio
2265 2471 2430 2537 pater
2458 2463 2728 2520 afﬁnxit?
2751 2479 2880 2534 quae
2912 2463 3188 2517 nimirum
3231 2463 3521 2535 spurcitiae
3595 2482 3711 2520 sua:

2067 2555 2304 2626 capacia
2349 2555 2488 2622 sint,
2551 2553 2754 2624 quales
2811 2552 3042 2623 linguas
3085 2551 3200 2607 illis
3259 2552 3409 2606 intra
3449 2553 3712 2608 dentium

2067 2649 2233 2715 septa
2263 2643 2769 2713 conclusit,usque
2810 2643 2949 2697 adeo
2971 2642 3292 2697 mendaciis
3327 2659 3499 2697 omne
3530 2659 3715 2714 genus

2066 2733 2454 2801 exercitas,ut
2485 2731 2578 2788 vel
2613 2732 2801 2803 ipsum
2839 2731 3027 2787 verbis
3061 2735 3338 2802 tanquam
3367 2732 3578 2802 jaculis
3610 2733 3718 2788 im-

2068 2829 2286 2894 petant,
2318 2824 2458 2877 dum
2491 2839 2623 2876 eum
2651 2821 2750 2892 qui
2782 2819 3038 2876 materiae
3099 2825 3308 2876 natura
3363 2838 3568 2893 expers
3627 2828 3715 2877 est

2069 2929 2201 2968 cum
2235 2911 2582 2983 corporibus
2598 2911 2871 2965 humanis
2904 2925 3288 2982 congressum
3307 2927 3434 2966 esse
3455 2913 3704 2966 tradunt.

2065 3003 2135 3057 Hi
2158 3007 2309 3057 certe
2339 3001 2608 3060 animum
2643 3017 2756 3055 non
2790 3016 2961 3057 secus
3018 3004 3194 3071 atque
3253 3002 3604 3068 dmmonem,
3649 3005 3714 3055 ut

2068 3109 2173 3164 par
2202 3095 2312 3160 est,
2348 3092 2586 3145 materia
2609 3097 2875 3145 conslare
2909 3090 3040 3156 rati,
3064 3106 3130 3145 ea
3182 3088 3349 3144 illum
3407 3091 3477 3144 de
3535 3106 3714 3144 causa

319 3183 475 3238 enim
507 3180 784 3236 caelorum
816 3177 1240 3234 hebdomadem
1274 3182 1448 3248 atque
1479 3178 1825 3248 ogdoadem,
1851 3177 1961 3233 hoc
1992 3193 2035 3258 ρ
2075 3180 2186 3236 cibi
2216 3179 2342 3234 loco
2374 3179 2585 3250 apponi
2620 3179 2743 3234 suis
2778 3177 2978 3248 quales
3011 3179 3148 3243 sint,
3203 3177 3716 3249 principatibus,et

316 3277 405 3328 est
435 3269 796 3343 sptenarium
829 3272 884 3324 et
914 3267 1274 3322 octonarium
1332 3283 1642 3321 numerum
1690 3282 1818 3322 esse
1879 3266 1959 3320 di-

317 3369 473 3432 cant,
534 3362 740 3416 horum
799 3359 1118 3428 unicuique
1211 3357 1503 3427 pr0prium
1576 3353 1814 3428 ἄρχοντα
1862 3373 1964 3411 seu

320 3450 642 3523 principem
671 3448 1058 3519 praestituunt.
1086 3445 1148 3500 In
1209 3451 1407 3500 octavo
1461 3449 1655 3499 autem
1717 3451 1963 3500 matrem

323 3539 617 3619 φωτεινὴν,
651 3539 758 3592 hoc
789 3540 878 3591 est
901 3535 1176 3604 lucidam,
1205 3551 1332 3589 esse
1374 3534 1560 3588 aiunt.
1623 3537 1812 3604 Atque
1850 3535 1967 3590 dia-

325 3632 523 3685 bolum
556 3628 814 3699 septimas
831 3624 1130 3696 potestatis
1152 3624 1334 3679 filium
1363 3625 1959 3688 afﬁrtnant,nimirum

320 3719 616 3779 Sabaoth:
651 3717 844 3789 quisit
893 3719 1266 3771 Hebraeorum
1331 3719 1497 3784 Deus,
1542 3731 1673 3770 cum
1727 3720 1960 3786 Evaque

319 3827 664 3881 congressus
734 3808 927 3873 fuerit,
972 3815 1030 3860 ut
1101 3806 1343 3861 maritus
1401 3822 1535 3862 cum
1580 3822 1752 3862 uxore
1793 3807 1957 3873 solet,

317 3905 490 3972 atque
517 3915 582 3954 eo
613 3915 680 3952 ex
712 3913 1027 3968 congressu
1061 3897 1306 3951 Cainum
1361 3900 1417 3950 et
1475 3896 1710 3951 Abelem
1766 3912 1964 3951 susce-

323 3990 490 4062 perit.
523 3991 626 4055 Qui
659 4005 792 4042 cum
852 4001 1186 4058 germanam
1229 4001 1478 4040 sororem
1534 3985 1706 4039 ambo
1759 3984 1962 4039 rivales

323 4081 675 4149 deperirent,
707 4076 920 4130 invidia
952 4091 1191 4144 crepans
1232 4075 1444 4128 Cainus
1493 4073 1728 4128 Abelem
1781 4074 1964 4130 inter-

321 4170 542 4226 fecerit.
575 4167 912 4236 Improbant
940 4181 1072 4220 vero
1104 4167 1468 4220 mortuorum
1501 4179 1734 4233 quoque
1767 4179 1960 4219 resur-

319 4257 660 4322 rectionem,
695 4259 864 4324 atque
895 4253 1077 4309 solam
1129 4253 1383 4308 animam
1446 4268 1769 4323 resurgere,
1805 4271 1870 4309 ac
1904 4255 1958 4308 in

320 4347 516 4402 cibum
545 4345 972 4418 principatibus
991 4349 1047 4398 et
1070 4342 1340 4413 potentiis
1372 4342 1572 4398 cedere
1604 4345 1964 4399 contendunt

320 4438 505 4493 Iidem
531 4435 889 4505 baptismum
924 4440 1311 4498 exsecrantur,
1345 4433 1789 4504 divinorumque
1826 4450 1960 4506 my-

2073 3269 2348 3340 potentiis
2381 3267 2810 3323 dementissimi
2842 3267 3105 3322 omnium
3167 3267 3567 3338 pronuntiant.

2145 3358 2342 3429 Neque
2374 3374 2505 3412 vero
2537 3356 2668 3411 novi
2701 3357 3019 3427 quidquam
3054 3356 3328 3425 est,quod
3344 3354 3607 3410 divinum
3632 3354 3714 3409 la-

2070 3464 2302 3503 vacrum
2365 3447 2718 3518 improbant,
2760 3445 3119 3516 Sethumque
3170 3450 3403 3516 raptum
3460 3461 3583 3500 esse
3615 3461 3719 3500 nu-

2071 3542 2304 3609 gantur,
2328 3542 2502 3608 atque
2533 3537 2676 3592 adeo
2710 3544 3075 3591 mortuorum
3138 3537 3620 3591 resurrectionem
3653 3536 3717 3588 Ii-

2071 3631 2281 3686 liorum
2318 3629 2710 3700 procreatione
2754 3628 2878 3684 fieri
2938 3633 3198 3693 censent,
3259 3629 3316 3681 in
3376 3627 3649 3679 omnibus
3682 3643 3715 3680 a

2073 3719 2265 3774 Veteri
2323 3719 2595 3788 Novoque
2643 3717 3019 3771 Testamento
3095 3714 3531 3777 dissentientes,
3593 3714 3710 3767 imo

2071 3809 2182 3879 ipsi
2205 3809 2320 3863 Deo
2354 3806 2700 3876 obstreperi,
2753 3820 2976 3858 necnon
3035 3819 3162 3857 sors
3221 3801 3519 3872 portioque
3577 3801 3712 3855 mali

2068 3896 2355 3952 daamonis
2387 3896 2651 3949 omnium
2688 3893 3040 3961 gratissima.

2706 4027 2864 4081 CAP.
2924 4024 3066 4079 XIV.

2070 4157 2278 4223 Quarta
2309 4153 2522 4208 decima
2551 4153 2792 4213 hzresis,
2841 4149 3107 4223 Cen/onis
3156 4157 3207 4202 et
3271 4147 3592 4223 Marcionis.
3645 4151 3711 4204 Ili

2174 4226 2243 4280 ad
2272 4225 2432 4295 ﬁdem
2481 4223 2837 4279 orthodoxam
2899 4222 3215 4276 accedentes
3266 4221 3596 4290 baptizatur.

2139 4348 2527 4419 Blasphemiaa
2557 4347 2815 4402 Simonis
2837 4347 2928 4401 his
2957 4363 3188 4417 quoque
3247 4346 3476 4401 initium
3538 4347 3709 4401 dede-

2067 4444 2224 4495 runt.
2253 4439 2384 4493 Fuit
2415 4442 2605 4492 autem
2637 4437 2820 4491 Cerdo
2843 4436 3158 4505 antiquior,
3193 4437 3294 4507 qui
3338 4437 3485 4491 duos
3538 4437 3710 4491 etiam

319 4526 628 4581 steriorum
667 4524 1092 4617 perceptionem
1117 4523 1452 4592 eXplodunt,
1489 4524 1704 4596 quippe
1726 4542 1855 4594 quae
1898 4525 1955 4580 in
1998 4552 2044 4617 Β
2075 4531 2214 4584 deos
2242 4543 2371 4583 esse
2401 4527 2715 4594 asserebat,
2750 4541 2933 4580 unum
2967 4526 3066 4596 qui
3088 4526 3147 4581 in
3169 4527 3290 4597 lege
3323 4535 3374 4580 et
3415 4525 3713 4597 prephetis

316 4614 591 4671 Sabuotbi
621 4612 858 4667 nomine
891 4610 1236 4668 celebretur.
1275 4613 1358 4666 Ab
1401 4613 1622 4668 Adamo
1682 4619 1957 4685 praeterea

316 4705 546 4775 cognita
577 4702 812 4756 tandem
837 4701 954 4754 Eva
973 4700 1207 4756 Sethum
1241 4702 1591 4771 processisse
1618 4704 1954 4773 Tnugantur,

313 4809 484 4865 quem
517 4807 768 4862 superna
791 4794 1072 4860 potestate
1122 4807 1190 4844 ex
1254 4791 1571 4845 continenti
1628 4799 1954 4861 correptum

309 4883 466 4955 apud
498 4898 560 4938 se
588 4880 957 4943 enutriverit,
994 4883 1118 4948 post
1149 4880 1450 4950 multaque
1493 4889 1818 4952 temporum
1873 4883 1958 4938 in-

310 4971 552 5028 tervalla
584 4969 642 5024 in
678 4975 895 5023 terram
951 4969 1240 5035 detulerit,
1302 4974 1365 5024 ut
1423 4971 1856 5042 principatuum
1899 4978 1956 5028 et

309 5061 707 5135 potentiarum
781 5059 1056 5130 mysteria
1115 5059 1350 5114 diceret.
1414 5060 1527 5121 His.
1602 5079 1772 5134 porro
1819 5066 1955 5118 sunt

308 5148 823 5225 pseudoprophetis
856 5147 1096 5219 quidam
1141 5149 1454 5205 Marsiades
1506 5154 1563 5206 et
1605 5151 1950 5220 Marsianus,

305 5255 557 5311 quorum
590 5238 964 5308 posteriorem
997 5237 1055 5292 in
1082 5237 1293 5293 cmlum
1351 5255 1585 5310 quoque
1640 5240 1949 5312 abreptum

303 5330 502 5395 fuisse,
537 5334 592 5383 et
625 5345 722 5397 per
752 5332 869 5382 tres
901 5328 1160 5384 indidem
1195 5328 1314 5383 dies
1342 5329 1712 5384 descendisse
1763 5333 1948 5387 aiunt.

299 5421 603 5475 Postremo
633 5418 1119 5473 resurrectionem
1155 5423 1519 5474 mortuorum
1588 5421 1864 5475 continua
1889 5423 1951 5475 ﬁ-

298 5509 510 5563 liorum
541 5523 610 5561 ex
641 5507 911 5576 patribus
964 5508 1340 5578 generatione
1391 5507 1516 5576 jam
1548 5507 1669 5562 fieri
1722 5510 1946 5567 dicunt.

2073 4621 2303 4673 locutus
2332 4621 2506 4683 esset,
2533 4632 2706 4688 quem
2740 4615 2917 4670 etiam
2941 4615 3206 4686 impurus
3237 4616 3330 4671 hic
3359 4621 3416 4672 et
3433 4615 3711 4672 scelestas

2063 4710 2236 4764 homo
2261 4712 2583 4763 creatorem
2622 4706 2834 4762 malem
2896 4715 3216 4779 notumque
3267 4709 3530 4775 vocabat,
3560 4708 3705 4763 alte-

2062 4815 2192 4853 rum
2218 4814 2350 4853 vero
2383 4799 2555 4852 deum
2578 4797 2797 4852 bonum
2830 4802 2886 4851 et
2916 4797 3178 4867 ignotum
3229 4798 3500 4852 omnibus
3549 4797 3712 4851 afﬁr-

2062 4889 2490 4958 mabatzquem-
2520 4887 2730 4940 Christi
2758 4902 2989 4957 quoque
3021 4883 3534 4956 patremldicebat,
3582 4883 3707 4956 l{qui

2060 4979 2284 5033 venisse
2309 4977 2548 5047 quidem
2580 4991 2648 5029 ex
2680 4975 2861 5029 Maria
2892 4973 3340 5040 existimaretur,
3376 4975 3448 5028 ad
3507 4990 3573 5027 ea
3605 4990 3708 5028 an-

2058 5067 2361 5139 tiquanda,
2418 5082 2451 5120 a
2511 5065 2714 5120 mundi
2773 5063 2979 5135 opiﬁce
3031 5064 3158 5130 deo,
3246 5061 3398 5117 malo
3441 5063 3707 5133 inquam,

2058 5159 2159 5212 illo
2183 5164 2237 5212 et
2271 5162 2427 5221 noto,
2463 5154 2916 5220 sancitaessent,
2951 5169 3011 5208 re
3033 5160 3224 5208 autem
3278 5168 3414 5207 vera
3456 5169 3571 5208 non
3616 5170 3709 5208 ve-

2059 5249 2263 5302 nisset.
2298 5246 2607 5316 Propterea
2637 5246 2812 5299 etiam
2855 5247 3107 5296 veterem
3144 5258 3174 5295 a
3233 5240 3463 5297 Christo
3513 5243 3699 5311 legem

2058 5336 2116 5389 in
2144 5334 2470 5404 Evangeliis
2505 5331 2925 5404 antiquari,qui
2955 5331 3114 5385 dicat
3145 5332 3367 5386 Dantem
3393 5349 3499 5402 pro
3520 5334 3700 5399 dente,

2057 5431 2107 5479 et
2132 5424 2351 5478 oculum
2379 5440 2476 5493 pro
2506 5423 2660 5477 oculo
2691 5420 2769 5487 ⁸ο,
2815 5426 3089 5491 tanquam
3145 5421 3234 5474 dei
3283 5419 3422 5474 mali
3470 5421 3702 5475 institu.

2057 5514 2298 5568 tionem.

366 5605 428 5682 7:
468 5605 624 5682 ᾕδεις
668 5622 744 5661 1v.
778 5606 858 5682 ﬁ.
907 5605 953 5639 ⁷⁵
996 5605 1123 5661 Psal
1177 5622 1286 5673 LVI,
1347 5608 1400 5660 5.
1458 5605 1504 5641 ⁷⁸
1563 5607 1695 5663 Psal
1745 5624 1962 5678 cxvu,:

2075 5614 2082 5646 '
2143 5612 2287 5668 Gen.
2339 5627 2414 5682 vr,
2447 5615 2501 5666 2.
2560 5609 2607 5645 ⁷⁸
2659 5611 2810 5666 Psal.
2848 5627 3036 5680 Lxxx1,
3060 5610 3114 5677 6,
3145 5611 3199 5663 7.
3253 5611 3296 5644 79
3356 5614 3518 5666 Deut.
3551 5627 3702 5680 xxxx,

296 5680 354 5735 8.
386 5677 433 5711 ⁸ο
462 5677 661 5733 Matth.
691 5693 740 5732 ν.
775 5677 862 5730 36.
