4090 6192
363 330 520 398 i275

1675 316 1992 390 NICETIE
2033 318 2455 385 CHONIATIE

3619 324 3779 388 ητα

430 473 710 526 Caeterum
756 461 1008 523 Marcion
1044 462 1410 536 Sinopensis,
1467 463 1596 536 ejus
1637 462 1738 535 qui
1796 478 1896 534 per
1938 476 2007 516 ea
2036 459 2090 526 Α
2122 458 2311 515 medio
2342 464 2512 529 atque
2544 456 2658 514 line
2688 456 2869 528 hujus
2900 455 3191 529 Evangelii
3225 455 3785 513 detraxerunt:slia-

361 570 620 631 tempore
669 555 931 613 Ecclesia:
1006 552 1302 610 catholicae
1361 554 1669 626 episcopus
1712 555 1857 617 erat,
1906 549 2011 607 viri

365 650 601 723 quidem
620 646 896 719 religione
928 644 1257 715 pietateque
1297 642 1611 701 clarissimi
1642 641 1800 698 filius
1834 640 2016 697 fuisse

364 737 670 809 t'ertur,qni
691 750 824 791 cum
846 733 1134 806 virginem
1160 734 1485 805 quamdam
1510 731 2011 801 circumvenisset,

366 834 423 886 et
481 828 938 898 constuprasset,
998 825 1221 895 ejectus
1263 840 1298 880 a
1358 827 1539 894 patre,
1586 826 1763 895 atque
1808 822 2014 879 eodem

365 920 752 992 persequente
784 915 1018 985 fugatus
1048 918 1156 970 est.
1190 914 1331 970 Cum
1365 930 1499 984 ergo
1532 913 1773 971 Romam
1811 926 2014 984 perve-

365 1010 572 1075 nisset,
640 1005 837 1076 ibique
885 1002 1077 1075 qualis
1107 1007 1234 1061 erat
1265 1003 1639 1071 innotuisset,
1673 1018 1778 1058 nec
1809 1018 1841 1056 a
1869 1017 2016 1071 quo-

370 1115 545 1173 quam
579 1098 650 1153 ad
673 1094 936 1169 synaxim
961 1093 1394 1162 admitteretur,
1418 1092 1696 1151 Cerdonis
1729 1094 2015 1163 imposto-

366 1190 448 1245 ris
481 1186 727 1243 hmresin
782 1183 867 1241 vel
928 1199 1061 1239 cum
1093 1183 1497 1239 additamento
1539 1180 1841 1253 amplexus
1899 1183 2013 1237 est.

371 1279 475 1334 illo
508 1276 662 1332 enim
724 1276 871 1329 duos
901 1274 1040 1329 deos
1072 1276 1392 1340 asserente,
1456 1271 1550 1328 hic
1589 1276 1706 1328 tres
1748 1272 2015 1327 introdu-

368 1371 555 1434 cebat,
619 1383 794 1424 unum
843 1367 1078 1437 quidem
1112 1379 1459 1435 supernum,
1502 1364 1894 1435 eamdemque
1923 1364 2018 1420 in-

369 1458 811 1525 nominabilem,
868 1454 1219 1511 invisibilem
1252 1458 1310 1510 et
1337 1454 1578 1519 bonum,
1615 1454 1835 1525 quique
1868 1452 2016 1510 nihil

369 1551 427 1605 in
454 1548 677 1605 mundo
708 1548 960 1602 creasset
993 1561 1006 1600 :
1053 1543 1302 1599 alterum
1338 1559 1469 1599 vero
1498 1542 1814 1609 visibilem,
1848 1558 2010 1599 crea-

367 1645 511 1707 tum,
564 1640 622 1693 et
680 1635 882 1691 mundi
930 1633 1194 1703 Opiﬁcem
1264 1652 1278 1700 ς
1322 1632 1552 1687 tertium
1605 1631 1858 1702 denique
1912 1631 2016 1703 qui

366 1730 517 1783 inter
551 1725 656 1782 hos
688 1725 853 1791 duos,
886 1720 1261 1786 invisibiiem,
1293 1720 1561 1792 inquam,
1611 1724 1669 1775 et
1694 1719 2014 1792 visibilem,

2120 564 2233 620 que
2263 547 2484 619 scripta
2509 546 2835 602 adulterina
2858 546 3341 602 interseruerunt.
3385 547 3468 600 Bx
3517 548 3780 619 apostoli

2121 637 2372 708 denique
2402 634 2560 691 Pauli
2594 634 2868 706 Epistolis
2916 635 3229 693 nonnullas
3283 636 3630 692 admittunt.

2407 783 2679 842 ersseos
2715 782 3077 855 praecedentis
3100 782 3429 855 con/utalia.

2190 926 2412 982 Ccrdon
2445 927 2687 998 ejusque
2710 928 3026 996 praeceptor
3056 923 3307 983 Marcion
3354 941 3421 981 oe
3444 925 3504 981 in
3554 926 3779 983 caelum

2120 1020 2397 1088 ponentes
2428 1016 2573 1070 duos
2606 1013 2743 1070 deos
2779 1013 3144 1086 proﬁtentur,
3194 1029 3373 1071 unum
3435 1015 3675 1088 quidem
3714 1018 3775 1072 in

2119 1106 2245 1180 lege
2276 1109 2331 1161 et
2353 1103 2652 1177 praphetis
2682 1104 2967 1172 locutum,
3020 1120 3196 1177 quem
3245 1109 3304 1161 et
3352 1103 3572 1161 malum
3634 1122 3765 1162 esse

2118 1194 2344 1258 dicunt,
2378 1194 2715 1265 quicunque
2745 1194 3009 1250 omnium
3039 1193 3498 1265 impurissimam
3532 1200 3589 1251 et
3640 1211 3778 1267 pes-

2118 1277 2331 1334 simam
2363 1275 2587 1332 vivendi
2622 1277 2902 1333 rationem
2946 1281 3279 1333 sectantur:
3319 1277 3572 1334 alterum
3637 1296 3772 1336 vero

2118 1368 2339 1423 bonum
2374 1371 2431 1421 et
2461 1364 2746 1438 ignotum,
2780 1381 2955 1438 quem
2990 1370 3047 1422 et
3088 1366 3319 1423 Domini
3370 1368 3550 1423 nostri
3578 1367 3774 1425 Jesu-

2118 1455 2331 1511 Christi
2364 1454 2590 1511 Patrem
2642 1460 2868 1511 vocant.
2932 1455 3029 1511 Dei
3088 1455 3327 1524 Filium,
3381 1457 3658 1528 quamvis
3715 1461 3777 1516 in

2118 1553 2300 1606 terras
2330 1547 2560 1602 venisse
2591 1546 2941 1612 censeretur,
3006 1561 3066 1601 re
3109 1550 3309 1602 tamen
3351 1562 3485 1603 vera
3532 1564 3648 1605 non
3679 1564 3778 1607 ve-

2121 1634 2274 1694 nisse
2309 1635 2583 1692 tradunt:
2629 1634 2803 1707 idque
2833 1637 2898 1691 ut
2945 1635 3261 1693 Mosaicam
3313 1634 3500 1709 legem
3530 1654 3563 1694 a
3614 1637 3782 1695 malo

2120 1726 2227 1783 deo
2250 1727 2448 1782 datam
2480 1722 2832 1797 antiquaret.
2875 1724 3131 1781 Ulterius
3177 1726 3466 1798 progressi
3526 1728 3774 1784 tertium

367 1816 597 1873 medius
660 1817 831 1878 esset,
894 1826 1104 1883 nempe
1160 1808 1483 1866 diabolum.
1554 1811 1712 1866 idem
1772 1810 2299 1893 insuperBdeum
2332 1814 2651 1884 diabolum,
2681 1820 2739 1870 et
2771 1831 2903 1870 cum
2943 1831 3009 1871 eo
3064 1820 3343 1887 quartum
3407 1816 3618 1889 Hylen,
3669 1832 3776 1873 seu

367 1906 652 1962 Christum
673 1904 745 1959 ab
768 1900 1065 1970 invisibili,
1102 1899 1538 1969 innominabili,
1568 1903 1626 1955 et
1666 1900 1817 1956 bono
1850 1904 2009 1967 patre

367 1996 745 2070 processisse,
793 1999 969 2064 atque
992 1992 1263 2048 eumdem
1297 1991 1366 2046 ad
1392 1990 1610 2046 inferos
1632 1990 2010 2047 descendisse

366 2086 614 2153 dicebat,
676 2097 790 2139 non
847 2082 1107 2154 quidem,
1168 2085 1233 2135 ut
1271 2080 1508 2136 Judaaos
1580 2082 1852 2149 servaret,
1908 2079 2010 2150 qui

368 2183 547 2232 Deum
608 2176 908 2240 noverant,
954 2175 1017 2226 ut
1068 2168 1325 2239 Abelem,
1381 2169 1700 2237 Enochum,
1746 2168 2009 2235 Nomum,

366 2265 787 2327 Abrahamum,
848 2262 1140 2327 lenaeum,
1202 2259 1442 2327 Mosam,
1483 2259 1786 2324 Davidem,
1819 2258 2011 2329 iisque

368 2354 706 2412 consimiles
738 2369 750 2407 :
808 2353 907 2408 sed
940 2350 1183 2406 Cainum
1219 2350 1436 2421 potius,
1467 2352 1749 2415 Comum,
1781 2349 2010 2405 Datha-

363 2444 861 2514 nem,Abironem,
890 2445 1121 2507 Esaum,
1148 2443 1205 2495 et
1230 2439 1280 2494 si
1303 2438 1437 2510 quis
1471 2438 1760 2509 ejusmodi
1795 2453 2009 2508 super-

366 2538 542 2604 esset,
575 2537 890 2606 genteaque
940 2531 1102 2598 adeo,
1139 2544 1270 2601 quis
1323 2528 1509 2585 Deum
1560 2545 1676 2585 non
1710 2532 2009 2585 noverant.

365 2625 508 2680 Inde
531 2623 708 2679 etiam
768 2621 972 2676 diebus
1013 2619 1400 2675 Sabbatorum
1447 2618 1833 2689 jejunandum
1883 2632 2012 2674 esse

367 2712 742 2787 praedicabat,
798 2710 1083 2781 ungisque
1124 2710 1248 2764 suis
1290 2708 1543 2780 quietem
1573 2708 1810 2763 Babbati
1843 2724 1876 2762 α
1905 2706 2009 2763 Ju-

371 2805 627 2859 daeorum
649 2802 764 2857 Deo
788 2800 1119 2856 institutam
1149 2814 1277 2854 esse
1301 2798 1715 2865 mentiebatur,
1739 2797 2013 2868 quocirca

359 2894 749 2965 jejunandum
780 2890 952 2945 nobis
981 2903 1240 2957 esse,quo
1266 2886 1427 2942 illius
1453 2885 1661 2957 placita
1688 2901 2007 2942 servemus.

370 2982 580 3037 adhuc
611 2981 765 3037 idem
822 2994 940 3034 non
963 2976 1166 3047 semel,
1206 2976 1306 3032 sed
1330 2976 1562 3046 iterato,
1585 2979 1641 3031 et
1661 2975 1876 3047 saepius
1910 2975 2013 3031 ba-

369 3070 648 3143 ptizabat.
683 3068 980 3124 interdum
1025 3082 1158 3123 vero
1208 3070 1481 3137 quartum
1535 3081 1770 3137 quoque
1806 3066 2011 3131 Deum,

368 3176 574 3233 nempe
632 3158 836 3232 Hylen,
867 3174 969 3215 seu
1004 3158 1321 3226 materiam,
1366 3155 1796 3222 introducebat,
1846 3169 2006 3212 eam-

368 3268 478 3323 que
506 3252 578 3306 ab
601 3253 729 3322 ipso
760 3248 963 3303 mundi
998 3247 1205 3318 cpiiice
1240 3247 1350 3302 Deo
1383 3250 1749 3316 assumptam
1766 3259 1895 3301 esse
1919 3246 2005 3302 di-

369 3340 553 3404 cebat,
605 3354 674 3393 ex
708 3352 823 3408 qua
854 3337 951 3391 ille
989 3352 1183 3390 rerum
1224 3335 1664 3392 universitatem
1701 3335 2008 3407 produxis-

369 3433 493 3485 set:
528 3444 597 3483 ex
628 3426 947 3499 purissima
981 3424 1253 3479 nimirum
1284 3426 1413 3496 ejus
1463 3430 1625 3497 parte
1675 3425 1910 3491 omium,
1942 3441 2011 3481 ex

369 3518 615 3590 reliquis
664 3519 951 3571 elementa
1010 3517 1284 3585 quatuor,
1345 3531 1413 3570 ex
1446 3514 1567 3571 ima
1624 3531 1756 3571 vero
1807 3514 1925 3570 fece
1955 3518 2012 3571 et

367 3609 692 3667 sedimento
733 3605 1033 3661 Infernum
1058 3608 1233 3676 atque
1255 3606 1588 3661 Tartarum.
1614 3607 1777 3673 Item,
1812 3603 2010 3660 Puris-

364 3696 869 3769 sima,inquitille,
901 3699 1064 3750 terra:
1096 3698 1257 3765 parte
1293 3693 1647 3751 tranecolata
1672 3692 2008 3764 paradisum

365 3790 627 3845 condidit
654 3787 832 3856 Deus,
882 3803 949 3842 ex
1000 3803 1116 3857 quo
1146 3785 1315 3856 gleba
1375 3784 1548 3839 unica
1573 3788 1841 3855 correpta
1872 3784 2017 3839 Ada-

370 3897 530 3936 mum
564 3879 836 3935 formavit
861 3895 873 3934 :
901 3882 1075 3949 atque
1106 3874 1190 3930 illi
1221 3875 1480 3931 animam
1516 3875 1749 3947 propria
1772 3890 1840 3930 ex
1879 3874 2011 3931 sub-

369 3969 584 4025 stantia
615 3968 863 4039 largitus
897 3971 987 4022 est
1020 3983 1032 4022 :
1071 3964 1400 4037 exindeque
1451 3964 1595 4019 adeo
1654 3964 1914 4036 corporis
1957 3968 2013 4019 et

370 4058 577 4116 animos
642 4073 900 4128 pugnam
953 4055 1090 4111 oriri
1136 4059 1353 4123 censet,
1411 4071 1545 4109 cum
1589 4054 1726 4110 hinc
1776 4054 2011 4125 quidem

371 4148 567 4204 anima
588 4161 799 4219 corpus
814 4146 885 4201 ad
911 4142 1112 4199 mundi
1130 4143 1399 4215 opiﬁcem
1426 4144 1718 4200 attrahere
1739 4149 2011 4200 conetur:

370 4236 533 4292 illinc
555 4252 686 4291 vero
711 4250 923 4307 corpus
946 4234 1203 4289 eamdem
1226 4234 1381 4289 lucta
1406 4230 1688 4289 devictam
1723 4230 1890 4306 hylas,
1911 4249 2013 4288 seu

373 4327 648 4391 materiae,
680 4343 748 4381 ex
789 4340 903 4396 qua
936 4323 1217 4380 nimirum
1270 4324 1518 4381 formata
1575 4323 1672 4392 sit,
1726 4323 2018 4380 ascribere

373 4418 709 4474 contendat.
730 4416 885 4472 Idem
912 4418 1243 4488 serpentem
1259 4415 1463 4488 opilics
1488 4414 1691 4471 mundi
1715 4413 2016 4471 meliorem

373 4525 501 4565 esse
532 4507 883 4577 nugahatur,
918 4505 1055 4576 quia
1110 4504 1333 4561 scilicet
1362 4503 1455 4560 hic
1509 4504 1744 4574 quidem
1792 4502 2018 4561 arboris

374 4570 643 4653 scientia;
666 4570 1092 4666 perceptionem
1127 4570 1539 4665 prohibuerat,
1562 4593 1658 4650 ille
1688 4609 1824 4650 vero
1853 4609 2011 4650 eam-
2047 4570 2094 4636 D

373 4688 505 4741 dem
535 4683 880 4755 permiserat
919 4686 975 4737 et
1004 4682 1319 4737 invexerat.
1354 4682 1543 4746 Quare
1573 4682 1673 4752 qui
1701 4681 2017 4739 Marcionis

371 4773 620 4831 hmresin
697 4772 1063 4843 proﬁtentur,
1126 4784 1351 4826 aeneum
1411 4772 1743 4840 serpentem
1794 4769 2017 4839 colunt,

370 4880 623 4937 eumque
646 4862 704 4917 in
726 4859 984 4932 cspsulis
1013 4862 1343 4917 aeservant.
1374 4858 1755 4915 Marcionistse
1775 4859 2021 4931 insuper

367 4954 762 5027 virginitatem
787 4950 1058 5024 professi,
1090 4948 1437 5006 mulieribus
1477 4964 1709 5021 quoque
1738 4949 1811 5007 ad
1837 4949 2021 5021 bapti-

373 5047 629 5101 candam
678 5043 948 5099 accedere
1003 5040 1362 5111 permittunt,
1411 5042 1588 5111 atque
1633 5038 1692 5095 in
1725 5039 2019 5111 mysteriis

371 5151 520 5207 aqua
551 5133 676 5191 sola
733 5136 1003 5200 utuntur,
1037 5135 1093 5188 et
1141 5129 1377 5186 unicum
1451 5130 1619 5185 Luca
1650 5128 2017 5201 evangelium

370 5226 695 5295 approbant
753 5221 1016 5279 abscisso
1096 5218 1407 5292 principio,
1462 5218 1654 5291 iisque
1722 5218 2018 5286 omnibus,

374 5311 585 5382 quibus
629 5313 759 5383 ejus
807 5310 1251 5383 conceptionem
1285 5312 1343 5364 et
1376 5308 1839 5367 incarnationem
1886 5323 2018 5380 per-

370 5400 580 5456 currit:
607 5400 935 5471 atqueinde
957 5399 1235 5456 inchoata
1252 5397 1607 5466 narratione,
1634 5399 1787 5455 Anno
1812 5397 2019 5455 decimo

374 5486 567 5558 quinto
614 5488 848 5555 imperii
882 5490 1086 5544 Tiberii
1117 5489 1354 5544 Caesaris
1374 5486 1444 5555 ⁸⁸,
1478 5486 1750 5559 pleraque
1777 5486 1954 5544 etiam
1987 5503 2020 5543 θ

442 5609 487 5646 ⁸¹
521 5613 658 5679 Luc.
689 5623 777 5671 ιιι,
812 5613 861 5664 i.
935 5609 982 5646 ⁸³
1013 5609 1181 5665 Deut.
1215 5624 1290 5679 vx,
1322 5610 1377 5665 ι.

377 5682 420 5715 ⁸⁷
450 5678 651 5734 Matth.
685 5695 739 5746 v,
771 5679 859 5731 38.
935 5680 978 5713 ⁸³
1010 5680 1153 5734 ibid.
1187 5682 1276 5746 21,
1307 5682 1397 5735 27.

1454 5607 1501 5645 ⁸⁸
1531 5610 1706 5668 Exod.
1741 5628 1834 5681 xx,
1865 5612 1919 5668 8.
1994 5609 2038 5645 ⁸³
2068 5610 2211 5668 ibid.
2239 5612 2295 5666 7.
2389 5608 2438 5647 ⁸⁸
2464 5608 2632 5667 Joan.
2667 5624 2743 5680 ιν,
2773 5610 2838 5665 21
2872 5625 3038 5681 seqq.

2124 1904 2428 1962 materiam
2453 1900 2772 1960 commenti
2803 1905 2960 1960 sunt.

2193 1999 2368 2051 Porro
2399 1994 2515 2050 illis
2542 1993 2779 2065 quidem
2811 1998 2967 2049 certe
2998 2008 3103 2067 per
3149 2008 3244 2049 me
3299 1993 3509 2066 nugari
3567 1995 3782 2063 liceat,

2125 2082 2239 2144 Nos
2270 2088 2463 2141 autem
2498 2096 2673 2139 unum
2696 2082 2878 2139 Deum
2914 2080 3179 2140 noeimus
3209 2086 3267 2139 et
3297 2084 3614 2153 credimus,
3668 2085 3774 2158 qui

2123 2175 2423 2232 materiam
2444 2189 2512 2229 ex
2536 2170 2719 2228 nihilo
2752 2173 3111 2244 produxerit,
3147 2188 3216 2229 ex
3254 2189 3441 2246 eaque
3469 2172 3688 2230 caelum
3722 2184 3781 2231 et

2121 2271 2337 2321 terram
2370 2262 2723 2328 formaverit,
2758 2267 2933 2333 atque
2955 2262 3155 2318 omnia
3199 2278 3325 2334 qua:
3375 2263 3433 2318 in
3493 2260 3581 2320 eis
3638 2268 3783 2320 sunt

2119 2352 2566 2424 condiderit,qui
2601 2351 2856 2423 primum
2892 2350 3129 2421 quidem
3184 2368 3288 2424 per
3319 2352 3545 2409 Mosem
3580 2354 3765 2409 Israe-

2121 2444 2237 2501 litis
2267 2443 2552 2515 optimam
2578 2440 2747 2514 juxta
2779 2445 2837 2497 et
2877 2439 3242 2497 salutiferam
3294 2440 3477 2513 legem
3525 2443 3779 2513 dederit,

2122 2547 2366 2606 quisque
2396 2528 2555 2586 omni
2584 2530 2936 2585 detestandae
2954 2527 3167 2586 actioni
3186 2530 3545 2589 adversetur.
3558 2531 3786 2589 Deinde

2120 2638 2249 2677 vero
2280 2634 2381 2693 per
2411 2617 2695 2689 unigeniti
2727 2614 2857 2673 Filii
2890 2616 3120 2673 Domini
3152 2618 3283 2674 Iesu
3340 2619 3554 2677 Christi
3622 2621 3781 2692 lega-

2122 2713 2340 2766 tionem
2366 2716 2569 2781 gentes
2600 2711 2662 2763 ut
2694 2710 3168 2763 converterentur
3189 2710 3495 2780 Deumque
3553 2725 3778 2782 cogno-

2122 2806 2367 2863 scerent,
2402 2798 2683 2853 invitavit.
2710 2793 3178 2853 Christusautem
3205 2814 3321 2853 non
3352 2814 3419 2853 eo
3475 2801 3662 2866 venit,
3716 2808 3781 2857 ut

2119 2889 2311 2961 legem
2334 2887 2603 2957 solveret,
2637 2886 2795 2957 quod
2825 2884 2911 2941 illi
2941 2885 3277 2954 volunt,sed
3311 2892 3375 2944 ut
3404 2889 3776 2960 adimpleret.

2120 2979 2416 3050 Siquidem
2451 2977 2510 3032 in
2542 2975 2665 3045 iege
2705 2975 2990 3047 scriptum
3039 2984 3143 3046 est,
3207 2977 3371 3042 Audi,
3429 2980 3628 3048 Israel,
3665 2983 3778 3037 Do-

2120 3068 2307 3124 minus
2340 3073 2484 3125 Deus
2512 3070 2663 3133 tuus,
2721 3066 2986 3122 Dominus
3034 3082 3179 3123 unus
3224 3071 3308 3122 est
3324 3066 3396 3124 8’.
3430 3068 3577 3125 item
3614 3086 3630 3124 :
3662 3072 3783 3126 Non

2131 3168 2292 3216 erunt
2320 3156 2425 3214 tibi
2461 3156 2544 3213 dii
2565 3155 2899 3227 alii,praeter
2924 3156 3066 3212 me“
3096 3158 3245 3213 item
3270 3174 3283 3213 :
3307 3156 3432 3213 Non
3458 3158 3650 3227 facies
3682 3160 3791 3216 tibi

2118 3249 2346 3317 idolum,
2378 3264 2490 3303 non
2519 3248 2763 3317 accipies
2790 3260 2993 3302 nonum
3024 3246 3257 3302 Domini
3292 3247 3384 3304 Dei
3422 3251 3512 3304 tui
3572 3251 3635 3305 in
3690 3267 3788 3307 va-

2116 3337 2341 3396 num“.
2402 3343 2588 3407 Atque
2644 3335 2769 3391 haec
2816 3334 3053 3406 quidem
3108 3335 3284 3392 verba
3352 3338 3646 3410 efﬁciunt,
3702 3358 3775 3398 ne

2117 3429 2316 3502 plures
2347 3442 2475 3482 esse
2536 3426 2672 3482 deos
2725 3422 3169 3481 existimemus:
3232 3425 3554 3499 ipsumque
3584 3446 3775 3486 unum

2118 3523 2171 3575 et
2195 3516 2388 3573 solum
2419 3530 2828 3587 agnoscamus,
2849 3513 2948 3584 qui
2982 3521 3190 3571 natura
3219 3515 3375 3573 Deus
3421 3523 3531 3574 est.
3591 3518 3775 3577 Porro

2122 3610 2300 3664 Deum
2322 3622 2456 3663 cum
2489 3604 2851 3671 hominibus,
2879 3603 2989 3660 hoc
3018 3608 3102 3660 est
3133 3605 3648 3679 nobiscum,quasi
3670 3626 3775 3683 per

2117 3702 2315 3755 velum
2347 3694 2561 3759 carnis,
2592 3694 3405 3766 conversatue,perfeotiorem
3447 3697 3555 3754 Dei
3575 3701 3772 3771 cogni-

2119 3788 2338 3844 tionem
2374 3785 2434 3841 in
2469 3784 2758 3841 mundum
2783 3784 3021 3851 invexit,
3055 3785 3150 3854 qui
3185 3784 3417 3842 Patrem
3448 3789 3532 3843 ita
3550 3804 3771 3861 cogno-

2120 3876 2426 3942 scendum,
2453 3878 2517 3929 ut
2545 3871 2645 3944 qui
2678 3871 2963 3944 principio
2995 3887 3297 3945 causaque
3327 3877 3773 3945 careat,Filium

2119 3982 2254 4022 vero
2276 3964 2333 4019 in
2366 3963 2655 4036 principio
2687 3962 2928 4035 quidem
2964 3980 2996 4020 a
3026 3963 3195 4019 Patre
3224 3964 3520 4037 genitum,
3553 3967 3777 4040 princi-

2123 4055 2214 4127 pio
2263 4062 2455 4111 tamen
2514 4057 2832 4119 carentem,
2893 4060 2961 4109 ut
2998 4057 3321 4113 coaeternus
3379 4055 3572 4113 illisit
3603 4058 3778 4131 ,Spi-

2122 4146 2302 4202 ritum
2334 4143 2587 4214 denique
2644 4142 2849 4200 abillo
2907 4144 3236 4215 procedere,
3300 4146 3607 4204 docuerit:
3674 4149 3780 4221 qui

2123 4234 2238 4290 duo
2266 4233 2469 4289 eodem
2499 4249 2615 4303 quo
2643 4232 2808 4288 Pater
2863 4232 3197 4302 imperario,
3257 4235 3452 4291 eadem
3493 4237 3780 4307 potentis,

2122 4324 2325 4381 eodem
2359 4322 2820 4388 honore,eadem
2853 4322 3107 4379 essentia
3130 4324 3429 4395 gaudeant
3460 4340 3474 4380 :
3500 4330 3569 4382 ut
3593 4342 3667 4383 ex
3683 4326 3781 4384 his

2124 4414 2387 4486 ejusdem
2449 4413 2521 4470 ad
2571 4412 2986 4469 Samsritidem
3050 4412 3246 4470 verbis
3342 4413 3613 4487 colligere
3663 4421 3778 4483 est,

2128 4505 2305 4560 Crede
2335 4500 2494 4568 mihi,
2525 4501 2752 4571 mulier,
2782 4502 3048 4573 quoniam
3074 4504 3223 4558 venit
3252 4502 3391 4559 hora
3428 4505 3656 4576 quando
3676 4522 3784 4562 ne-

2126 4609 2228 4665 que
2266 4596 2325 4649 in
2378 4594 2560 4647 monte
2606 4591 2726 4657 hoc,
2776 4606 2956 4662 neque
3011 4592 3419 4663 Hierosolymis
3463 4596 3783 4651 adorabitis

2127 4686 2368 4739 Patrem.
2403 4680 2503 4736 Vos
2523 4679 2769 4736 adoratis
2826 4680 2969 4753 quod
3025 4680 3270 4746 nescitis,
3325 4696 3423 4737 nos
3477 4685 3785 4740 adoramus

2127 4772 2278 4843 quod
2308 4772 2539 4840 scimus,
2595 4768 2725 4841 quia
2757 4769 2909 4824 salus
2960 4785 3031 4825 ea:
3049 4768 3261 4827 Iudaeis
3329 4781 3426 4827 est.
3491 4772 3596 4828 Sed
3625 4777 3785 4832 venit

2128 4862 2287 4931 hora,
2314 4864 2365 4918 et
2394 4875 2540 4917 nunc
2571 4864 2651 4916 est
2678 4859 2897 4930 quando
2919 4862 3040 4916 veri
3093 4860 3411 4917 adoratores
3466 4863 3787 4920 adorabunt

2127 4953 2346 5007 Patrem
2370 4951 2425 5005 in
2455 4950 2660 5019 spiritu
2688 4953 2742 5004 et
2772 4951 3006 5005 veritate
3052 4948 3119 5007 ⁸⁸.
3155 4950 3390 5007 Etenim
3426 4951 3570 5008 tales
3602 4952 3781 5009 Pater

2127 5039 2333 5111 quaerit
2364 5038 2715 5102 adoratores,
2754 5038 2894 5095 Item
2926 5036 3026 5093 ilia
3056 5036 3234 5095 etiam
3258 5054 3385 5109 quae
3420 5049 3545 5109 post
3578 5057 3782 5098 resur-

2128 5129 2443 5186 rectionem
2494 5127 2800 5197 discipulis
2869 5126 3045 5185 dixit:
3106 5129 3307 5185 Euntss
3363 5129 3550 5187 docete
3591 5147 3787 5188 omnes

2127 5222 2330 5290 gentes,
2363 5218 2696 5289 baptimnles
2726 5232 2816 5275 eos
2844 5218 2904 5272 in
2933 5216 3159 5275 nomine
3209 5219 3418 5289 Patris,
3440 5228 3489 5276 et
3535 5222 3697 5289 Filii,
3732 5226 3789 5277 et

2126 5305 2658 5379 Spiritussancti“.
2692 5308 2872 5363 item:
2931 5307 3041 5363 Lex
3099 5307 3338 5378 quidem
3396 5310 3498 5374 ait,
3559 5312 3789 5369 Dentens

2125 5412 2224 5469 pro
2252 5397 2667 5464 dente,oculum
2700 5412 2800 5465 pro
2853 5396 3008 5454 oculo
3062 5396 3127 5452 ⁸⁷.
3176 5400 3317 5454 item
3347 5414 3360 5453 :
3394 5398 3513 5454 Non
3552 5401 3787 5457 occides'

2126 5486 2244 5544 Non
2265 5485 2618 5543 maclmberis
2651 5484 2716 5541 δ’.
2743 5484 3008 5542 Christus
3036 5489 3234 5542 autem
3263 5502 3278 5541 :
3325 5487 3653 5559 Quicunque
3702 5489 3790 5546 in-

3132 5606 3182 5646 ⁸⁸
3230 5608 3439 5667 Matth.
3473 5626 3676 5669 xxvm.
3712 5614 3782 5669 49
