4090 6192
305 339 464 401 1277

1662 336 2066 398 THESAURI
2113 337 2254 400 LIB.
2301 338 2400 399 IV.

3564 341 3720 408 H78

301 476 494 544 [ensus
541 470 720 541 fuerit
776 470 944 540 fratri
997 474 1237 539 temere,
1297 485 1420 525 reus
1468 470 1574 526 erit
1632 470 1846 540 judicio
1888 470 1953 523 ⁸ο.
1989 471 2040 537 Α
2068 470 2400 537 exinanivit,
2434 476 2671 543 formam
2692 475 2833 527 servi
2864 473 3134 544 accipiens
3157 475 3220 529 95.
3261 475 3714 547 Proinde,venit,

308 563 453 618 Item
490 579 502 617 :
538 562 645 628 Qui
674 560 882 615 viderit
904 560 1191 613 mulierem
1220 559 1291 614 ad
1319 560 1808 630 concupiscendum
1824 576 1964 624 eam,

292 653 427 724 jam
452 649 753 705 mcechatus
785 657 861 704 est
879 665 1000 702 cum
1032 647 1139 702 illa
1170 650 1229 703 in
1255 649 1410 706 corde
1431 665 1530 705 suo
1557 650 1622 704 9°.

380 743 514 798 Jam
548 756 681 795 vero
715 740 774 794 in
811 737 1149 810 bujusmodi
1193 735 1700 796 exhortationibus
1747 739 1965 795 consti-

307 832 461 887 tutio
515 829 662 901 legis
713 829 1171 899 haudquaquam
1239 828 1529 896 consistit,
1583 831 1682 885 sed
1732 827 1962 885 honesti

308 921 576 977 custodia
607 923 664 975 et
693 917 1054 974 conservatio
1087 918 1411 989 perfectior.
1462 919 1643 974 Vetus
1685 919 1841 974 enim
1873 917 1964 974 lex

309 1010 597 1065 scelerum
661 1009 774 1063 ﬁne
823 1012 1142 1078 aversatur,
1189 1023 1406 1079 eosque
1456 1008 1645 1080 punit,
1679 1026 1713 1062 a
1744 1008 1960 1080 quibus

309 1101 411 1157 illa
455 1101 772 1156 commissa
825 1099 1058 1170 fuerint,
1119 1115 1250 1171 quas
1272 1098 1466 1154 minu
1498 1100 1741 1156 honesta
1772 1103 1958 1156 sunt:

306 1194 578 1250 Christus
603 1209 735 1249 vero
758 1192 845 1248 vel
869 1194 1056 1264 prima
1077 1193 1342 1264 germina
1367 1193 1650 1248 radicitus
1681 1193 1959 1263 exstirpat

305 1297 625 1355 eorumque
659 1282 893 1338 nomine
917 1297 1118 1354 poenas
1149 1281 1423 1352 exposcit.
1461 1282 1764 1338 Mulierem
1797 1283 1954 1338 enim

307 1375 379 1430 ad
407 1373 934 1444 concupiscendum
954 1372 1188 1438 vidisse,
1215 1381 1314 1428 aut
1334 1373 1618 1429 iracunda
1640 1373 1954 1428 commina-

303 1464 465 1518 tione
524 1461 1126 1533 contumeliosiusque
1185 1461 1240 1516 in
1293 1463 1532 1516 fratrem
1567 1462 1952 1517 insurrexisse

300 1557 472 1626 (quot
501 1569 572 1608 ne
607 1554 728 1621 liat,
759 1564 995 1608 summa
1026 1569 1164 1607 cura
1190 1554 1507 1608 cavendum
1541 1568 1668 1608 esse
1690 1553 1952 1609 Christus

305 1645 375 1698 ad
388 1645 631 1714 monet),
658 1643 1112 1714 haudquaquam
1132 1643 1426 1697 actionum
1451 1643 1583 1696 finis
1603 1646 1658 1697 et
1677 1658 1949 1698 consum-

306 1734 484 1788 matio
502 1738 792 1804 est,quam
816 1733 1066 1788 Mosaica
1090 1731 1178 1787 lex
1201 1733 1630 1797 aversatur,sed
1654 1731 1950 1802 appetitus

302 1823 542 1894 quidam
575 1826 632 1878 et
663 1828 878 1892 motus,
914 1821 1050 1893 quia
1102 1837 1168 1877 ea
1200 1821 1506 1892 parturiat,
1547 1838 1675 1892 qum
1707 1821 1947 1877 minime
1979 1851 2026 1916 B

299 1913 676 1979 conveniunt,
710 1917 883 1983 atque
918 1912 989 1966 ad
1024 1912 1196 1966 tinem
1225 1911 1402 1966 etiam
1439 1910 1706 1965 deducat.

375 2003 437 2056 In
474 2007 720 2073 utroque
775 2003 954 2073 igitur
1006 2001 1065 2056 hi
1106 2001 1384 2057 Cerdonis
1415 2005 1471 2055 et
1501 2001 1814 2057 Marcionis
1845 2019 1947 2058 as-

301 2095 470 2148 seclie
499 2107 568 2146 ex
593 2091 879 2146 diametro
929 2092 1000 2147 ab
1047 2091 1363 2146 orthodoxa
1397 2089 1509 2144 tide
1540 2089 1896 2146 dissentiunt
1930 2107 1942 2146 :

299 2185 356 2236 et
383 2181 520 2253 quia
546 2181 730 2252 legem
762 2181 1073 2236 Mosaicam
1106 2180 1317 2236 malum
1365 2196 1492 2237 esse
1543 2180 1945 2252 pronuntiant,

298 2274 354 2325 et
386 2271 525 2342 quia
556 2271 851 2326 Christum
883 2269 1012 2326 ideo
1045 2270 1274 2326 venisse
1303 2269 1750 2340 contendunt,ut
1782 2268 1942 2324 illam

297 2361 563 2416 solveret.

369 2450 531 2515 Quod
565 2465 697 2504 vero
725 2449 1052 2520 phantasia,
1078 2463 1179 2505 seu
1215 2449 1730 2518 simulatione,non
1747 2457 1940 2505 autem

298 2556 496 2593 revera
527 2539 821 2594 Christum
869 2540 926 2593 in
969 2540 1136 2594 terris
1185 2542 1529 2611 apparuisse
1578 2539 1801 2608 dicunt,
1839 2553 1942 2595 nec

295 2646 440 2699 pure
465 2634 732 2684 naturam
766 2629 1086 2683 humanam
1122 2628 1533 2699 assumpsisse,
1565 2629 1772 2699 dignos
1791 2629 1940 2685 ultro

298 2735 424 2773 sese
448 2719 720 2789 produnt,
754 2719 852 2787 qui
905 2718 960 2771 in
1017 2717 1204 2771 Chaos
1238 2721 1294 2771 et
1328 2717 1571 2770 Erebum
1607 2734 1803 2787 pcenas
1837 2718 1939 2772 da-

294 2807 414 2862 turi
446 2807 880 2878 protrudantur.
912 2807 1018 2870 Qui
1069 2805 1221 2860 enim
1267 2805 1388 2860 fieri
1423 2809 1632 2878 potest,
1662 2811 1716 2859 ut
1751 2805 1936 2878 phan-

294 2897 442 2952 tasia
466 2897 712 2966 dicatur,
749 2896 906 2968 quod
955 2912 1022 2951 ex
1070 2889 1289 2968 virgine
1328 2901 1499 2951 natus
1531 2896 1622 2964 sit,
1655 2897 1810 2966 quod
1843 2913 1938 2951 sa-

295 2986 532 3058 pientia,
563 2990 744 3052 aetate,
781 2989 838 3041 et
866 2986 1053 3056 gratia
1101 2986 1424 3057 profecerit,
1460 2987 1612 3057 quod
1664 2985 1936 3041 crucifixo

293 3075 446 3130 latus
481 3074 681 3131 lancea
728 3077 1052 3147 perfossum
1107 3075 1300 3144 fuerit,
1349 3075 1498 3146 quod
1550 3075 1750 3130 statim
1795 3093 1826 3129 a
1855 3091 1938 3130 re-

295 3166 658 3221 surrectione
699 3164 998 3222 cicatrices
1040 3164 1356 3231 clavorum,
1413 3164 1724 3234 laterisque
1773 3165 1936 3220 didu-

290 3255 543 3311 ctionem
608 3255 951 3321 ostenderit,
1013 3255 1166 3325 quod
1225 3253 1554 3325 discipulus
1585 3255 1655 3309 de
1687 3253 1758 3310 iis
1790 3255 1936 3326 ipsis

290 3343 580 3399 curiosius
603 3343 961 3399 addubitans
983 3359 1051 3398 ea
1083 3342 1283 3413 procul
1316 3341 1488 3398 dubio
1520 3341 1603 3399 sic
1635 3358 1696 3397 se
1727 3342 1942 3400 habere

289 3433 738 3503 deprehenderit
769 3433 796 3487 ‘2
820 3433 954 3496 Quae
986 3431 1225 3504 quidem
1247 3431 1446 3487 omnia
1471 3431 1678 3486 divinas
1704 3432 1936 3504 dispen-

289 3523 537 3579 sationis
585 3522 923 3593 praescripto
969 3523 1097 3577 ideo
1146 3525 1488 3577 conservata
1519 3527 1676 3588 sunt,
1710 3528 1774 3578 ut
1804 3539 1936 3578 eum

287 3614 482 3684 ipsum
511 3630 640 3668 esse
672 3613 1061 3679 crederemus,
1093 3614 1193 3683 qui
1232 3618 1605 3685 apparuerat,
1639 3614 1738 3685 qui
1771 3614 1937 3669 tertio

289 3711 420 3758 ante
453 3703 545 3758 die
577 3720 787 3775 passus
813 3707 937 3758 erat
959 3704 1017 3757 in
1046 3720 1238 3772 carne,
1272 3721 1386 3759 non
1420 3712 1610 3760 autem
1637 3708 1934 3776 spectrum

287 3794 656 3866 spiritumve,
688 3793 790 3864 qui
823 3794 1008 3849 oculis
1037 3794 1194 3850 cerni
1227 3799 1442 3866 posset.

359 3885 521 3949 Quod
555 3888 751 3938 autem
783 3889 938 3939 Deus
971 3901 1126 3939 unus
1159 3889 1247 3940 est
1275 3889 1470 3954 Pater,
1504 3901 1775 3956 unusque
1825 3887 1933 3942 Do-

288 3976 487 4031 minus
547 3976 816 4030 Servator
863 3979 1062 4030 noster
1097 3974 1415 4031 Christus:
1477 3975 1632 4046 quod
1685 3975 1935 4046 denique

286 4065 539 4121 Verbum
575 4083 707 4120 caro
744 4065 959 4120 factum
995 4065 1092 4133 sit,
1129 4065 1183 4118 id
1218 4063 1374 4120 ﬁlius
1404 4065 1499 4119 ille
1559 4065 1810 4120 tonitrus
1843 4066 1934 4121 his

285 4157 476 4210 verbis
500 4159 811 4210 attestatur
845 4172 856 4210 :
892 4159 953 4209 Et
1003 4155 1239 4210 Verbum
1278 4170 1406 4209 caro
1426 4157 1632 4224 factum
1650 4159 1734 4209 est
1763 4153 1828 4208 9‘.
1863 4156 1934 4210 At

283 4249 538 4299 testatur
577 4247 633 4298 et
683 4245 946 4314 gentium
997 4245 1194 4298 doctor
1237 4243 1472 4309 Paulus,
1507 4243 1605 4313 qui
1638 4243 1934 4314 plerisque

285 4334 617 4389 divinarum
653 4333 1044 4402 Epistolarum
1106 4334 1160 4387 in
1216 4333 1355 4387 locis
1384 4350 1450 4388 ea
1482 4333 1657 4388 latius
1686 4333 1934 4402 explicat

283 4437 412 4494 quae
445 4425 514 4477 de
545 4423 774 4478 Christo
815 4425 1034 4495 scripta
1081 4426 1243 4478 sunt.
1280 4422 1672 4494 Inquitenim,
1709 4422 1932 4478 Gratias

279 4515 498 4583 agimus
528 4513 682 4566 Patri
704 4514 803 4582 qui
831 4529 930 4568 nos
960 4512 1182 4569 idoneos
1206 4513 1447 4568 reddidit
1480 4515 1537 4568 in
1559 4517 1772 4584 partem
1811 4514 1930 4569 lim-

2078 567 2141 616 ut
2174 578 2361 633 genus
2410 563 2737 618 humanum
2786 570 3062 630 servaret,
3113 567 3283 636 cujus
3336 567 3582 623 lormam
3619 587 3716 624 as-

2073 656 2428 722 sumpserat,
2461 657 2633 724 atque
2671 653 2813 708 adeo
2845 653 3119 709 subdolae
3145 655 3423 710 daemonis
3448 661 3603 714 artes
3637 659 3715 712 ir-

2071 739 2212 794 ritas
2245 741 2476 807 faceret,
2511 757 2685 813 quem
2721 742 2948 813 profani
2979 743 3245 798 homines
3270 744 3454 800 Deum
3486 751 3714 815 vocant,

2071 829 2338 899 quamvis
2387 831 2647 903 angelica
2684 829 3036 886 claritudine
3069 850 3183 888 una
3215 851 3346 890 cum
3379 835 3712 890 rebellionis

2070 919 2303 989 agmina
2361 920 2656 987 deciderit,
2733 920 3118 992 tenebrasque
3179 939 3309 976 cum
3370 923 3551 994 gloria
3613 924 3710 979 illa

2068 1009 2531 1076 commutaverit,
2586 1026 2703 1081 qua
2748 1014 2905 1065 totus
2955 1009 3082 1066 luce
3110 1010 3341 1065 lucebat
3372 1013 3657 1068 matutina
3693 1030 3706 1068 :

2067 1097 2276 1168 cuique
2311 1115 2492 1169 pauca
2524 1099 2814 1170 quaedam,
2840 1114 2945 1155 nec
2970 1100 3164 1171 magni
3200 1102 3500 1166 momenti,
3540 1117 3706 1172 posse

2066 1188 2266 1243 datum
2301 1193 2409 1254 est,
2442 1188 2500 1242 in
2553 1187 2643 1243 sui
2691 1186 3013 1242 ludibrium
3050 1188 3264 1261 potius,
3293 1190 3706 1262 juslorumque

2064 1284 2356 1336 certamen
2399 1284 2455 1336 et
2498 1279 2857 1346 exercitium,
2910 1296 3087 1351 quam
3123 1281 3192 1334 ad
3227 1280 3437 1335 virium
3474 1281 3716 1337 demon-

2061 1368 2429 1424 strationem.
2488 1369 2599 1425 Nec
2649 1367 2940 1424 animalia
2973 1368 3097 1440 lege
3124 1374 3437 1424 coronatur
3463 1369 3708 1439 athleta,

2059 1458 2433 1528 victoriaeque
2487 1459 2791 1528 praeconiis
2850 1459 3103 1527 eli‘ertur,
3172 1476 3350 1529 quam
3411 1459 3456 1514 si
3507 1477 3703 1531 pugno

2061 1547 2455 1602 adversarium
2493 1547 2863 1616 percusserit,
2893 1550 2995 1601 aut
3020 1547 3147 1617 ejus
3170 1548 3391 1603 viscera
3408 1549 3704 1619 catapulta

2057 1634 2588 1690 transverberarit:
2632 1639 2731 1688 aut
2773 1635 2831 1690 in
2871 1640 3071 1703 guttur
3119 1636 3410 1691 acinacem
3458 1638 3701 1693 distrin-

2055 1724 2221 1792 xerit,
2246 1728 2420 1795 atque
2451 1723 2531 1779 ita
2562 1722 2769 1778 virium
2793 1740 3030 1778 suarum
3056 1724 3536 1795 dexteritatisque
3569 1742 3698 1796 spe-

2056 1814 2245 1870 cimen
2269 1830 2464 1868 coram
2489 1812 2858 1884 agonothela,
2891 1829 2992 1867 seu
3033 1812 3371 1867 certaminis
3398 1814 3696 1884 prml'ecto,

2058 1903 2322 1960 ediderit.
2360 1904 2680 1970 Quomodo,
2704 1918 2915 1974 quaaso,
2953 1903 3118 1956 nobis
3153 1903 3460 1974 pietas,aut
3492 1910 3701 1976 marty-

2059 2010 2186 2049 rum
2216 2010 2318 2065 pro
2349 1991 2568 2048 Christi
2617 1991 2850 2048 nomine
2898 1992 3248 2058 constantia,
3291 1992 3700 2064 Optimumque

2058 2090 2390 2141 caaterorum
2421 2087 2754 2139 sanctorum
2782 2083 3148 2154 prOpositum
3189 2082 3563 2152 innotuisset,
3587 2084 3698 2139 nisi

2057 2177 2275 2231 daimon
2307 2175 2522 2230 Jobum
2548 2174 2865 2245 petivisset,
2899 2176 2954 2226 et
2984 2171 3358 2236 obtinuisset,
3392 2172 3500 2226 nisi
3536 2189 3690 2244 pras-

2055 2270 2212 2322 terea
2243 2269 2516 2336 tyrannos
2551 2265 2830 2319 adversus
2870 2265 3158 2332 martyras
3189 2261 3566 2316 subornasscl
3598 2261 3625 2316 ?

2125 2366 2408 2419 Caeterum
2444 2362 2645 2434 Hylen,
2681 2377 2782 2416 seu
2819 2360 3140 2422 materiam,
3172 2376 3360 2430 neque
3381 2359 3506 2414 sine
3530 2359 3688 2432 prin-

2054 2453 2204 2525 cipio
2227 2467 2377 2520 esse,
2408 2468 2597 2522 neque
2655 2449 2940 2522 principio
3000 2465 3132 2506 cum
3166 2449 3280 2505 Deo
3312 2465 3506 2504 carere
3537 2450 3689 2504 dici-

2051 2558 2204 2610 mus,
2259 2558 2446 2614 neque
2496 2542 2668 2597 etiam
2720 2539 3199 2611 imaginationem
3251 2554 3399 2604 esse,
3452 2554 3573 2608 quae
3615 2539 3692 2594 sit

2051 2633 2369 2687 formarum
2432 2631 2860 2702 receptaculum
2926 2647 2938 2685 :
3002 2629 3271 2700 quamvis
3319 2633 3688 2685 externorum

2048 2721 2345 2777 nonnullis
2396 2721 2453 2775 id
2507 2721 2696 2775 visum
2748 2719 2920 2774 fuerit
2949 2726 3002 2774 et
3034 2719 3335 2789 placuerit.
3373 2717 3514 2774 Nam
3552 2735 3681 2773 cum

2049 2812 2196 2866 Deus
2229 2813 2514 2866 mundum
2557 2811 2874 2880 producere
2904 2809 2963 2863 in
2998 2809 3194 2864 animo
3225 2812 3498 2877 versaret,
3534 2809 3686 2879 cogi-

2043 2901 2184 2956 tatio
2235 2901 2335 2956 illa
2392 2917 2538 2970 Opus
2590 2904 2646 2954 et
2693 2899 2840 2954 actio
2871 2903 3013 2954 erat.
3051 2897 3344 2969 Hylenque
3375 2914 3475 2953 seu
3512 2902 3690 2954 mate-

2044 2989 2190 3045 riam
2243 2988 2426 3045 forma
2483 2988 2977 3060 ubsequebatur,
3035 2992 3092 3041 et
3130 2986 3304 3042 simul
3335 2985 3685 3056 emergebat.

2042 3079 2149 3145 Qui
2180 3095 2312 3134 vero
2363 3079 2581 3134 Mosem
2629 3077 2710 3132 ita
2760 3077 3046 3132 dicentem
3091 3077 3360 3142 audiunt,
3391 3077 3553 3130 Terra
3583 3092 3688 3130 au-

2047 3177 2153 3224 tem
2184 3175 2301 3223 erat
2338 3168 2527 3223 inanis
2555 3172 2818 3234 etvaeua,
2850 3173 2901 3222 et
2932 3166 3176 3222 tenebrae
3207 3169 3364 3219 erant
3395 3181 3561 3234 super
3589 3167 3688 3233 la.—

2052 3259 2189 3312 ciem
2221 3259 2406 3329 abyssi
2451 3256 2516 3324 9°,
2560 3259 2735 3328 atque
2776 3256 2912 3310 hinc
2951 3258 3184 3326 arrepta
3214 3255 3517 3312 occsione
3550 3253 3695 3308 divi-

2053 3363 2189 3401 nam
2248 3345 2722 3416 sempernitatem
2784 3343 3037 3400 materiae
3081 3343 3454 3413 tenebrisque
3494 3344 3695 3398 contra

2047 3433 2228 3488 imum
2264 3434 2362 3490 sed
2407 3441 2666 3488 mentum
2717 3433 3006 3500 tribuunt,
3035 3435 3156 3486 tota
3187 3440 3379 3486 errant
3413 3430 3523 3496 via,
3556 3434 3689 3486 tan-

2047 3540 2223 3594 quam
2280 3522 2527 3594 exleges.
2588 3523 2966 3592 Posteaquam
3025 3522 3181 3576 enim
3246 3521 3448 3592 paucis
3494 3518 3688 3575 verbis

2045 3613 2404 3683 edisserit,ln
2425 3613 2707 3684 principio
2719 3611 2928 3668 creavit
2959 3613 3094 3666 Deus
3110 3612 3305 3666 caelum
3329 3619 3379 3664 et
3396 3618 3607 3663 terram
3623 3607 3687 3676 97,

2043 3706 2168 3758 tum
2202 3703 2411 3758 deinde
2442 3719 2569 3773 quae
2604 3702 2754 3758 facta
2791 3699 3027 3769 fuerint,
3079 3708 3131 3755 et
3174 3715 3286 3768 qua
3334 3698 3518 3751 forma
3547 3711 3684 3767 pro-

2044 3794 2217 3848 ducta
2247 3792 2369 3847 int
2396 3791 2677 3861 exposuit,
2711 3790 2942 3845 ethunc
2974 3789 3033 3842 in
3079 3787 3317 3842 modum
3365 3784 3686 3854 subjunxit.

2044 3883 2206 3936 Terra
2239 3886 2423 3936 autem
2460 3886 2580 3935 erat
2617 3881 2806 3934 inanis
2852 3887 2902 3932 et
2930 3893 3128 3944 vacua,
3160 3880 3213 3930 et
3248 3874 3490 3930 tenebrae
3518 3878 3687 3928 erant

2041 3986 2207 4041 super
2246 3972 2447 4038 faciem
2501 3968 2708 4038 abyssi.
2767 3967 2915 4022 Cum
2956 3965 3114 4021 enim
3147 3963 3351 4020 coelum
3388 3962 3445 4016 in
3483 3963 3680 4018 orbem

2042 4069 2546 4135 circumageretur,
2591 4070 2648 4120 et
2697 4063 2942 4120 necdum
2986 4061 3299 4118 luminaria
3339 4059 3435 4115 illa
3471 4076 3685 4132 magna

2041 4157 2350 4227 sideraque
2407 4156 2668 4209 ordinem
2724 4169 2896 4209 suum
2955 4153 3016 4207 in
3075 4152 3444 4206 ﬁrmamento
3477 4151 3682 4206 sortita

2041 4246 2472 4312 essent,merito
2495 4245 2743 4300 tenebris
2760 4243 3243 4299 dili‘undebantur
3266 4259 3279 4309 ;
3300 4240 3397 4296 ubi
3425 4241 3678 4312 primum

2039 4353 2170 4392 vero
2202 4335 2302 4391 lux
2335 4336 2594 4402 emersit,
2630 4333 2925 4403 stellisque
2986 4332 3278 4403 producta)
3328 4341 3482 4396 sunt,
3518 4336 3679 4384 tene-

2038 4426 2152 4480 bris
2187 4425 2422 4495 quidem
2456 4423 2659 4479 eadem
2691 4438 2866 4494 opera
2893 4421 3192 4486 discussa),
3227 4422 3283 4473 et
3327 4419 3397 4472 ad
3427 4417 3675 4472 nihilum

2041 4515 2282 4569 redactae
2338 4517 2518 4568 sunt:
2576 4513 2716 4583 quia
2773 4510 3054 4566 nimirum
3089 4524 3188 4580 per
3241 4523 3325 4578 se,
3369 4522 3590 4577 suaque
3624 4505 3677 4562 vi

280 4603 534 4659 reditatis
592 4612 909 4657 sanctorum
974 4604 1031 4657 in
1080 4604 1307 4672 lumine,
1369 4604 1468 4674 qui
1521 4603 1773 4659 liberavit
1824 4620 1922 4659 nos
1956 4595 2002 4657 D
2033 4604 2352 4658 subsistere
2386 4621 2496 4657 non
2535 4605 2820 4674 poterant,
2850 4601 3048 4658 lumen
3082 4608 3274 4655 autem
3315 4597 3427 4653 diei
3461 4597 3676 4667 ubique

279 4709 317 4749 α
345 4698 607 4764 potestate
645 4693 1021 4761 tenebrarum,
1073 4697 1125 4747 et
1178 4694 1476 4748 transtulit
1517 4695 1574 4747 in
1605 4698 1928 4764 potestatem

278 4786 421 4840 Filii
483 4783 794 4839 dilectionis
847 4798 983 4850 StléB,
1035 4785 1131 4853 qui
1169 4789 1242 4838 est
1287 4785 1467 4852 imago
1499 4785 1597 4838 Dei
1627 4784 1931 4839 invisibilis

276 4875 676 4944 primogenitus
713 4890 893 4927 omnis
916 4879 1182 4928 creatura:
1215 4873 1278 4927 οἳ.
1316 4877 1382 4927 Et
1412 4878 1611 4944 postea
1644 4891 1656 4927 :
1696 4875 1836 4940 Quia
1868 4876 1924 4928 in

276 4963 396 5032 ipso
445 4960 773 5032 complacuit
831 4976 1044 5015 omnem
1093 4959 1408 5017 inhabitare
1423 4961 1848 5033 plenitudinem,
1878 4969 1930 5018 et

273 5068 375 5124 per
432 5053 618 5123 ipsum
673 5051 1030 5106 reconciliare
1064 5054 1247 5105 omnia
1299 5053 1358 5106 in
1408 5053 1586 5122 ipsum
1627 5053 1926 5122 pacificans

271 5157 371 5214 per
416 5142 740 5210 sanguinem
786 5138 961 5195 erucis
1004 5141 1141 5207 eius,
1189 5141 1305 5196 sive
1345 5155 1469 5212 quae
1512 5140 1570 5196 in
1587 5143 1749 5196 terris
1776 5145 1922 5212 sunt,

271 5233 386 5287 sive
407 5246 526 5300 quae
558 5233 616 5284 in
645 5228 808 5284 caelis
833 5231 961 5283 sunt
1010 5227 1076 5284 9³.
1127 5229 1270 5283 ltem
1305 5247 1318 5285 :
1353 5230 1508 5284 Nunc
1529 5238 1707 5285 autem
1732 5245 1921 5286 recon-

269 5319 456 5376 ciliati
499 5334 687 5374 sumus
737 5319 864 5382 Deo,
915 5333 1013 5387 per
1053 5323 1287 5373 mortem
1337 5317 1471 5373 Filii
1511 5319 1627 5385 eius
1669 5317 1734 5371 9‘.
1776 5321 1920 5374 Item

269 5409 410 5466 alibi
446 5425 459 5463 :
513 5407 619 5476 Qui
661 5421 787 5463 eum
826 5407 885 5462 in
922 5409 1106 5476 forma
1154 5405 1252 5462 Dei
1307 5415 1464 5475 esset,
1508 5421 1615 5461 non
1664 5409 1923 5477 rapinam

267 5500 571 5556 arbitratus
628 5501 728 5567 est,
767 5513 824 5552 se
868 5503 982 5554 esse
1013 5496 1286 5567 aqualem
1324 5497 1427 5552 Deo
1462 5513 1476 5553 :
1540 5499 1636 5552 sed
1680 5497 1921 5568 seipsum

336 5623 384 5660 ευ
423 5623 628 5683 Matth.
679 5640 730 5692 ν,
774 5624 862 5678 22.
897 5694 900 5695 ί
940 5623 986 5658 οο
1035 5621 1181 5678 Ibid.
1227 5623 1296 5675 28
1323 5694 1334 5695 ἡ
1369 5621 1414 5695 ψ
1459 5620 1626 5677 Joan.
1678 5635 1718 5688 ι,
1774 5623 1838 5678 ii
1911 5623 1934 5658 ν

2051 5624 2123 5680 ol.
2174 5641 2212 5693 ι,
2237 5621 2304 5679 i2
2334 5637 2498 5695 seqq.
2575 5621 2621 5657 '3
2649 5621 2768 5679 Col.
2804 5638 2844 5694 ι,
2880 5621 2944 5674 19
2975 5633 3138 5694 seqq.

264 5698 311 5744 θ’
332 5695 545 5768 Philip.
571 5713 636 5762 ιι,
665 5697 720 5750 6.
799 5695 844 5729 ⁸⁸
865 5694 1068 5751 Cenes.
1099 5707 1139 5762 ι,
1163 5695 1216 5747 2.
1294 5694 1336 5729 ⁸⁷
1367 5694 1573 5749 Cenes.
1608 5707 1646 5764 ι,
1683 5695 1720 5750 l.

2040 4693 2401 4765 resplenduit
2436 4711 2448 4746 :
2485 4692 2583 4747 ubi
2615 4689 2774 4747 verbi
2807 4691 2994 4763 gratia
3024 4691 3083 4745 in
3126 4690 3399 4745 arborum
3451 4685 3677 4742 umbris

2038 4783 2228 4839 videre
2286 4788 2392 4838 est.
2453 4779 2581 4838 Sole
2644 4781 2797 4837 enim
2858 4784 3218 4849 transeunte,
3269 4779 3409 4850 ipsis
3443 4790 3674 4848 quoque

2038 4871 2289 4927 collecta:
2343 4873 2604 4927 adductae
2668 4870 3160 4926 circumferuntur
3225 4872 3282 4922 et
3355 4865 3673 4921 dissiliunt.

2036 4962 2286 5018 Extcuso
2319 4962 2517 5018 itidem
2580 4959 2946 5016 tabernaculo
3003 4957 3087 5014 vel
3144 4955 3433 5028 papilione
3479 4953 3675 5006 lun'ien

2035 5051 2147 5106 diei
2180 5051 2433 5122 quodam
2469 5049 2632 5120 quasi
2675 5053 2840 5120 septo
2885 5046 3262 5117 disjungitur,
3311 5043 3677 5113 tenebraeque

2033 5140 2274 5196 liberius
2305 5141 2734 5210 diffunduntur,
2767 5138 2968 5194 eodem
3026 5149 3223 5192 everso
3271 5137 3326 5188 et
3356 5133 3673 5198 destructo,

2035 5229 2152 5285 haec
2183 5245 2416 5300 quoque
2438 5229 2509 5284 ad
2534 5226 2788 5283 nihilum
2819 5227 3049 5282 redacta
3078 5219 3672 5280 evanescunt.Verum

2031 5319 2324 5374 enimvero
2391 5334 2608 5385 rerum,
2670 5333 2838 5386 quas
2873 5315 3028 5370 Deus
3082 5313 3319 5379 creavit,
3371 5311 3533 5366 nulla
3565 5314 3674 5380 est,

2031 5425 2160 5479 quas
2182 5424 2250 5462 ex
2277 5407 2475 5462 divina
2505 5408 2632 5478 ejus
2681 5405 2937 5462 essentia
2981 5407 3228 5472 constet,
3261 5408 3320 5459 at
3346 5402 3670 5457 humanum

2030 5497 2264 5568 quidem
2320 5512 2529 5568 corpus
2585 5495 2707 5551 luto
2765 5500 3132 5565 compactum
3164 5498 3273 5564 est,
3308 5493 3506 5548 anima
3535 5507 3670 5546 vero

3215 5619 3261 5655 ’⁸
3291 5618 3461 5680 item.
3492 5633 3548 5692 v,
3578 5622 3663 5676 10.
