4090 6192
383 364 538 425 1279

1703 353 2020 415 ΝΙΟΕΤᾸΞ
2062 351 2494 413 ΟΗΟΝΙΛΤΕ

3645 351 3805 410 1280

383 495 743 552 extrinsecus
805 491 1122 556 insulllatu,
1183 488 1575 542 substantiam
1630 505 1694 541 ex
1735 486 2024 559 spiraculo
2057 487 2109 552 Α
2143 485 2320 540 monii
2355 483 2636 540 beneﬁcio
2670 482 2926 537 mundus
2957 482 3028 537 ab
3058 481 3158 536 illo
3202 484 3354 537 recte
3406 482 3800 537 administra-

379 587 478 641 illo
502 583 784 653 concepit,
824 597 936 652 quo
970 585 1120 633 Deus
1152 578 1306 633 illam
1345 578 1400 632 in
1441 577 1694 648 primum
1729 577 2025 630 hominem

379 674 723 748 inepiravit:
755 675 818 726 ut
835 686 964 741 quae
980 667 1219 724 rationis
1235 667 1680 736 intellectusque
1699 666 2010 738 particeps,

380 766 528 823 nulli
579 761 833 818 materiae
896 765 996 814 aut
1037 759 1234 830 ﬁguras
1295 756 1564 823 obnoxia,
1593 757 1690 811 Dei
1748 759 1924 826 typus
1975 761 2028 809 et

378 859 570 924 imago
602 853 679 909 sit
716 869 728 909 :
764 867 832 906 ea
865 854 1059 904 tamen
1091 847 1236 919 lege,
1272 852 1336 901 ut
1365 847 1492 916 ejus
1525 844 2027 915 substantiee,qua3

381 961 554 1001 causa
585 945 762 1006 caret,
798 938 983 1011 portio
1020 955 1131 992 non
1167 937 1243 991 sit
1275 953 1342 990 ex
1372 953 1488 1006 qua
1519 939 1857 989 caeterorum
1889 951 2030 1004 quo-

381 1052 492 1108 que
541 1031 828 1098 omnium,
897 1045 1024 1098 quis
1086 1027 1143 1080 in
1189 1041 1379 1081 rerum
1423 1029 1629 1080 natura
1662 1028 1822 1090 sunt,
1857 1027 2028 1093 atque

380 1123 586 1180 animm
619 1120 796 1175 etiam
827 1117 1014 1189 ipsius
1041 1115 1368 1170 substantia
1411 1115 1718 1184 dependet.

451 1210 592 1265 Novi
627 1225 796 1279 porro
828 1205 975 1260 nihil
1031 1209 1138 1267 est,
1200 1205 1350 1273 quod
1390 1203 1485 1272 qui
1517 1203 1792 1272 dogmata
1827 1201 2027 1270 huius-

382 1299 537 1354 modi
595 1296 960 1370 prolitentur,
1024 1292 1318 1346 diabolum
1371 1307 1602 1361 quoque
1673 1290 2022 1344 beneﬁcium

380 1388 708 1452 nominant,
770 1383 999 1455 ipsique
1059 1397 1252 1436 rerum
1283 1379 1476 1451 opiﬁci
1513 1381 1623 1434 Deo
1660 1379 1974 1448 praeferunt
2008 1395 2019 1431 :

379 1481 553 1547 atque
585 1476 743 1530 hunc
768 1473 1005 1543 quidem
1030 1488 1143 1542 prae
1174 1469 1388 1523 invidia
1436 1468 1772 1538 parentibus
1805 1468 2021 1521 nostris

381 1564 786 1622 arborisillius
820 1563 1009 1615 fructu
1061 1558 1450 1625 interdixisse,
1495 1557 1584 1611 cui
1625 1555 1760 1610 boni
1803 1561 1860 1611 et
1893 1557 2026 1612 mali

381 1654 623 1711 scientia
653 1653 862 1718 inerat,
897 1648 1195 1704 diabolum
1229 1662 1359 1702 vero
1398 1651 1458 1701 ut
1513 1648 1765 1702 fructum
1827 1647 2023 1702 decer-

382 1747 584 1810 perent
613 1741 763 1794 ultro
785 1738 1122 1810 permisisse
1140 1736 1378 1790 dicunt:
1416 1737 1612 1790 minus
1637 1737 2026 1802 advertentes,

383 1847 571 1903 usque
603 1830 746 1884 adeo
771 1826 1093 1928 desipiunt,
1129 1825 1214 1928 vel
1239 1826 1618 1928 .data‘opera
1659 1826 2027 1926 exorbitant,
2066 1863 2110 1928 Β

385 1926 627 1977 mortem
662 1918 945 1987 auspiciis
979 1915 1194 1970 diaboli
1238 1915 1630 1969 introductam
1658 1915 1937 1986 irrupisse
1968 1915 2026 1970 in

384 2010 692 2075 mundum,
726 2012 902 2078 atque
961 2005 1183 2076 primos
1239 2004 1421 2058 nostri
1477 2005 1706 2075 generis
1739 2009 2025 2069 auctores,

381 2103 519 2155 dum
546 2098 628 2152 illi
653 2093 1328 2166 obsequuntur,cxitium
1358 2093 1467 2148 sibi
1503 2109 1740 2163 parasse
1791 2094 2024 2164 paradi-

381 2204 561 2260 soque
595 2187 781 2241 nudos
804 2185 1017 2256 ejectos
1049 2200 1194 2238 esse.
1233 2187 1476 2253 Insuper
1505 2199 1571 2236 ex
1612 2182 2030 2253 consequentia

380 2293 617 2351 prorsus
676 2274 890 2338 evenit,
951 2278 1016 2326 ut
1073 2287 1432 2342 quaecunque
1465 2271 1534 2325 ab
1577 2271 1648 2326 iis
1691 2272 1790 2342 qui
1822 2277 2029 2326 contra

383 2369 565 2423 Deum
598 2364 738 2421 talia
774 2363 1160 2428 deblaterant,
1215 2377 1283 2415 ex
1312 2360 1775 2416 Christianorum
1809 2359 2025 2416 rituum

384 2454 719 2530 praescripto
754 2455 920 2521 ﬁunt,
945 2469 1012 2508 ea
1044 2468 1157 2506 non
1191 2451 1316 2505 sine
1346 2449 1590 2506 crimine
1615 2450 1779 2516 ﬁant,
1800 2454 1863 2504 ut
1893 2466 2026 2505 cum

385 2561 533 2616 sazpe
565 2559 663 2598 eos
696 2543 1008 2614 baptizent,
1042 2540 1129 2596 vel
1160 2540 1500 2610 demergant
1531 2539 1746 2611 potius,
1780 2539 1881 2609 qui
1912 2540 2025 2594 ha:-

386 2635 540 2691 resin
569 2649 768 2689 eorum
803 2631 1254 2704 amplectuntur.

454 2725 591 2780 Item
627 2740 759 2778 cum
793 2721 916 2778 suis
970 2721 1028 2774 in
1087 2717 1379 2792 mysteriis
1423 2735 1574 2790 aqua
1605 2717 1730 2773 sola
1762 2722 2027 2784 utuntur,

383 2815 499 2869 imo
531 2815 706 2869 etiam
767 2811 1162 2869 ministerium
1221 2807 1498 2880 baptismi
1532 2807 1766 2862 feminis
1798 2807 2025 2879 permit-

383 2907 532 2958 tunt.
567 2904 753 2973 Atque
812 2905 1066 2972 quatuor
1117 2915 1186 2952 ex
1229 2897 1556 2968 Evangeliis
1609 2896 1750 2951 illud
1795 2900 2026 2952 tantum

383 2993 708 3062 approbant
767 2990 925 3060 quod
982 3007 1015 3043 a
1071 2989 1223 3043 Luca
1290 2987 1679 3056 conscriptum
1753 2989 1862 3055 est,
1924 3001 2028 3040 nec

382 3080 440 3133 id
499 3083 693 3131 tamen
749 3076 1042 3146 integrum
1104 3079 1161 3129 et
1219 3074 1364 3129 citra
1440 3077 1746 3129 contextus
1828 3089 2030 3127 corru-

388 3167 665 3238 ptionem.

2141 579 2320 629 retur.

2465 699 2736 754 Ηίενεεεοδ
2756 695 3115 768 prwcedentis
3145 695 3471 767 confatalia.

2209 844 2579 910 Qumcunque
2635 841 2705 895 ad
2760 839 3041 895 Cerdonis
3092 841 3150 894 et
3198 838 3508 893 Marcionis
3541 839 3804 895 heresin

2139 930 2549 985 infirmandam
2605 929 2977 995 adduximus,
3031 945 3100 983 ea
3141 928 3624 984 Lucianistarum
3655 945 3809 999 quo-

2138 1036 2250 1090 que
2280 1018 2662 1089 blasphemiis
2708 1017 3036 1073 evertendis
3087 1018 3410 1081 sufﬁciunt,
3446 1034 3634 1088 usque
3657 1019 3809 1074 adeo

2139 1109 2295 1164 inter
2315 1107 2446 1163 illos
2478 1106 2824 1161 omnibusin
2848 1107 3190 1178 dogmatum
3217 1106 3487 1160 articulis
3510 1106 3811 1172 convenit,

2138 1203 2192 1250 et
2220 1195 2486 1249 eamdem
2521 1209 2738 1260 revera,
2787 1198 2852 1248 ut
2899 1195 2980 1248 ita
3025 1193 3238 1260 dicam,
3274 1193 3546 1264 ﬁglinam
3571 1211 3811 1250 summe

2140 1283 2306 1354 impii
2330 1282 2600 1338 homines
2639 1285 2926 1337 exercent.
2958 1282 3089 1337 Jam
3116 1297 3250 1336 vero
3273 1299 3410 1337 cum
3434 1285 3677 1354 nuptias
3709 1284 3811 1339 hic

2140 1373 2198 1426 in
2239 1372 2571 1426 universum
2621 1371 2881 1442 abroget,
2913 1370 2973 1424 in
2999 1387 3065 1425 eo
3099 1370 3508 1426 fornicationis
3542 1372 3804 1443 patroci-

2140 1463 2304 1517 nium
2336 1461 2584 1532 suscipit
2615 1479 2628 1517 :
2667 1466 2837 1532 atque
2870 1460 2951 1516 ita
2981 1461 3094 1516 Deo
3122 1461 3809 1528 adversatur,hominum

2139 1555 2429 1622 quotquot
2488 1555 2626 1606 sunt
2675 1551 2849 1605 homo
2909 1551 3376 1620 impurissimus,
3417 1550 3817 1623 exlegemque

2139 1640 2553 1696 scortationem
2576 1638 2954 1694 immaculato
3000 1644 3055 1693 et
3085 1637 3348 1710 legitimo
3373 1644 3528 1694 torro
3548 1643 3806 1711 praefert.

2141 1730 2304 1794 Quod
2339 1731 2386 1785 si
2421 1745 2538 1783 una
2559 1733 2616 1784 et
2658 1729 2862 1783 eadem
2908 1745 3080 1799 Opera
3125 1730 3541 1784 scortationem
3563 1745 3623 1785 se
3647 1730 3812 1784 anti-

2142 1824 2377 1891 quatam
2412 1818 2556 1874 velle
2587 1819 2921 1884 contendat,
2958 1817 3118 1873 nullo
3150 1819 3336 1889 igitur
3370 1820 3542 1874 modo
3584 1821 3693 1874 viri
3749 1828 3814 1875 et

2141 1909 2366 1963 feminas
2391 1923 2773 1979 congressum
2807 1908 3107 1979 approbat,
3145 1912 3210 1962 ut
3239 1907 3484 1962 hacarte
3518 1925 3812 1980 magnum

2141 1997 2285 2052 illud
2320 1997 2420 2051 Dei
2453 1996 2746 2066 opiﬁcium
2782 1996 2955 2052 homo
2987 1995 3317 2062 intercidat,
3380 2002 3438 2051 et
3492 2005 3814 2053 evanescat

2139 2087 2399 2157 (dignus,
2431 2086 2534 2156 qui
2567 2091 2684 2140 tam
2711 2085 2939 2141 tristem
2963 2085 3150 2141 aleam
3178 2086 3408 2156 primus
3441 2088 3810 2158 experiatur)

2139 2183 2311 2248 atque
2341 2177 2424 2232 ita
2455 2176 2594 2231 solis
2655 2176 3062 2232 animantibus
3122 2177 3309 2232 brutis
3351 2177 3536 2232 bruta:
3569 2177 3802 2234 telluris

2138 2266 2418 2322 habitatio
2467 2265 2651 2320 cedat.
2686 2264 2850 2320 Unde
2901 2265 3044 2320 satis
3078 2270 3342 2336 apparet,
3375 2283 3554 2336 quam
3587 2266 3802 2338 ignavo

2139 2355 2314 2410 miser
2367 2355 2463 2410 ille
2513 2371 2812 2426 quamque
2871 2355 3196 2409 inhumano
3256 2360 3490 2425 pectore
3547 2357 3643 2422 sit,
3675 2357 3798 2411 imo

2136 2461 2271 2500 vero
2304 2443 2545 2498 rationis
2569 2445 2788 2510 minus,
2811 2460 2989 2514 quam
3007 2444 3131 2513 ipsa
3153 2443 3348 2510 bruta,
3379 2450 3450 2498 ut
3485 2445 3570 2500 ita
3593 2445 3815 2511 dicam,

2139 2532 2448 2604 particeps.

2799 2656 2954 2711 CAP.
2986 2656 3123 2712 XVI.

2141 2782 2302 2838 Sexta
2334 2782 2545 2839 decima
2563 2783 2814 2852 haeresis,
2837 2782 3146 2852 Apellisﬂi
3165 2800 3376 2855 quoque
3394 2785 3472 2839 ad
3496 2785 3804 2840 Ecclesium

2440 2855 2769 2910 catholicam
2800 2854 3085 2910 redeuntes
3119 2854 3492 2926 baptizanlur.

2211 2997 2445 3053 Luciani
2478 2997 2718 3068 quidem
2743 2997 3202 3069 condiscipulus,
3242 2998 3559 3054 Marcionis
3589 3004 3791 3054 autem

2139 3085 2467 3157 discipulus
2516 3085 2744 3157 Apelles
2796 3104 2829 3142 a
2867 3091 3224 3158 praeceptore
3247 3088 3306 3142 in
3339 3087 3646 3158 plerisque
3678 3089 3811 3142 dis-

2141 3177 2399 3232 sentiens
2421 3176 2878 3247 haudquaquam
2910 3177 3114 3242 tria,ut
3144 3176 3608 3248 ille,quatuorve
3643 3179 3809 3249 prin-

455 3259 730 3313 Caeterum
763 3255 1152 3312 Theodoritus
1187 3256 1501 3326 quemdam
1534 3254 1712 3324 hujus
1744 3253 2029 3309 haereseos

2149 3224 2398 3232 """""
2421 3224 2878 3247 —"""‘J.""“l_"_'
2915 3224 2954 3231 "
2970 3224 3114 3242 ““’Ὶ“’
3145 3224 3262 3243 ""’
3283 3224 3526 3248 Ἰ“¹“’““’*“
3551 3224 3607 3233 "'
3643 3224 3777 3249 ιη’·-

2149 3265 2427 3337 cipia,sed
2447 3282 2630 3320 unum
2651 3265 3211 3336 principium,unam
3237 3268 3562 3336 potentiam
3589 3285 3816 3322 unum-

387 3349 741 3416 decrepitum
800 3363 860 3401 se
920 3347 1137 3400 vidisse
1186 3350 1454 3409 testatur,
1516 3345 1613 3416 qui
1683 3362 1814 3400 cum
1867 3361 2038 3400 mane

387 3436 762 3501 surrexisset,
843 3433 1035 3489 salivae
1127 3439 1496 3488 excremento
1576 3434 1780 3488 faciem
1869 3450 2036 3488 suam

388 3526 668 3591 ablueret,
729 3539 1082 3593 causamque
1135 3526 1374 3592 rogatus
1431 3539 1494 3576 se
1551 3537 1750 3576 cavere
1797 3539 2040 3593 respon-

386 3615 568 3680 deret,
627 3629 693 3668 ne
745 3629 941 3667 rerum
991 3629 1021 3666 a
1065 3610 1269 3665 mundi
1320 3609 1526 3681 opiﬁce
1562 3609 1677 3665 Deo
1709 3615 2036 3667 creatarum

386 3703 507 3758 ulla
532 3703 841 3772 indigeret,
896 3705 1070 3771 atque
1132 3697 1348 3754 idcirco
1379 3715 1450 3753 ne
1475 3715 1627 3768 aqua
1657 3699 1893 3770 quidem
1930 3701 2036 3765 uti,

387 3810 512 3864 quae
544 3792 824 3846 nimirum
857 3791 929 3846 ab
962 3789 1060 3845 illo
1092 3792 1286 3844 creata
1325 3793 1500 3843 esset.
1547 3788 1648 3843 Cui
1700 3805 1832 3843 cum
1885 3788 2040 3859 obje-

389 3882 567 3936 cisset
599 3880 741 3950 ipse.
779 3879 888 3944 Qui
920 3879 983 3932 fit
1028 3893 1185 3949 ergo,
1227 3882 1293 3932 ut
1325 3892 1534 3948 panem
1569 3876 1796 3944 offeras,
1830 3877 2029 3931 vinum

393 3976 449 4026 et
480 3986 694 4040 aquam
749 3969 936 4036 bibas,
998 3967 1280 4035 dormias,
1340 3967 1618 4039 mysteria
1649 3966 1903 4038 denique
1935 3965 2039 4020 tibi

392 4062 732 4134 praescripta
761 4059 1017 4116 celebres
1048 4060 1075 4115 ‘2
1108 4059 1361 4129 subjecit
1391 4057 1515 4127 ille,
1546 4058 1664 4114 haec
1697 4075 1730 4114 a
1760 4073 1821 4113 se
1845 4073 2043 4113 neces-

389 4153 542 4206 sario
590 4150 710 4205 fieri
745 4166 758 4205 :
809 4149 950 4220 quia
990 4150 1270 4204 nimirum
1311 4149 1361 4203 si
1405 4164 1580 4204 secus
1633 4147 1795 4218 faxit,
1831 4147 2039 4210 vivere,

395 4241 784 4311 mysteriaque
833 4240 1126 4294 celebrare
1186 4241 1456 4309 nequeat.
1518 4242 1709 4308 Atque
1757 4238 1836 4291 ita
1866 4235 2045 4292 miser

390 4329 486 4384 ille
513 4329 710 4384 volens
762 4327 965 4382 nolens
1007 4343 1069 4382 se
1107 4344 1297 4382 rerum
1337 4345 1367 4380 a
1415 4327 1528 4382 Deo
1565 4333 1889 4381 creatarum
1922 4330 2046 4379 tan-

388 4435 564 4488 quam
589 4418 872 4473 bonarum
911 4416 1256 4488 participem
1297 4432 1422 4470 esse
1471 4415 1779 4482 fatebatur,
1825 4415 2042 4485 quibus

388 4512 558 4563 antea
589 4507 916 4577 refragatus
943 4515 996 4562 et
1028 4506 1337 4561 oblocutus
1374 4510 1516 4560 erat.

1058 4647 1212 4701 CAP.
1255 4646 1368 4702 XV.

533 4770 738 4840 Quinta
757 4770 965 4827 decima
991 4771 1232 4836 haeresis,
1258 4770 1508 4824 Luciam‘.
1533 4769 1900 4840 Baptizantur

905 4850 954 4896 et
984 4841 1064 4911 hi,
1095 4840 1146 4896 si
1174 4839 1526 4912 resipiscam.

462 4970 756 5028 Lucianus
786 4968 1060 5039 dogmata
1089 4967 1396 5022 Marcionis
1429 4971 1668 5022 secutus
1713 4971 1822 5034 est,
1871 4969 2046 5037 atque

391 5071 452 5117 ut
484 5061 708 5118 caeteris
763 5059 819 5114 in
883 5057 1057 5113 rebus
1110 5057 1445 5128 praeceptori
1479 5057 1856 5124 consentiret,
1890 5062 2047 5113 certe

392 5151 690 5223 legitimas
725 5147 963 5219 nuptias
997 5145 1387 5218 improbabat,
1420 5149 1476 5200 et
1527 5146 1598 5200 ad
1649 5145 2046 5214 virginitatem

392 5241 755 5307 hortabatur,
813 5254 927 5292 non
986 5253 1052 5292 eo
1115 5252 1252 5291 sane
1311 5236 1465 5306 quod
1526 5235 1803 5306 optimam
1859 5235 2048 5302 illam,

391 5328 620 5400 Deoque
678 5332 922 5399 gratam,
968 5325 1285 5395 judicaret,
1332 5325 1434 5379 sed
1488 5330 1550 5379 ut
1598 5324 1700 5379 Dei
1745 5341 1920 5396 opera
1949 5341 2048 5380 ca-

392 5414 797 5483 lumniaretur,
829 5415 1128 5486 legemque
1171 5413 1456 5470 scelestus
1493 5413 1591 5468 ille
1643 5415 1835 5480 ferret,
1880 5430 2047 5469 cave-

393 5506 596 5570 retque
629 5519 699 5558 ne
729 5503 865 5571 quis
920 5504 1146 5558 femina
1199 5505 1680 5574 oonjungeretur,
1743 5503 1919 5574 idque
1980 5520 2046 5560 eo

393 5596 624 5647 tantum
675 5591 940 5660 consilio,
1000 5598 1066 5647 ut
1120 5609 1312 5648 rerum
1373 5595 1640 5650 omnium
1719 5593 1912 5666 Opiﬁci
1991 5598 2048 5649 et

394 5678 644 5734 creatori
675 5677 792 5730 Deo
856 5680 1264 5748 refragaretur,
1319 5681 1690 5752 efﬁceretque
1739 5701 1809 5738 ne
1841 5683 2040 5738 matri~

2144 3372 2254 3426 que
2307 3355 2491 3410 Deum
2543 3354 3035 3410 innominabilem
3088 3355 3364 3424 asseruit,
3424 3373 3460 3410 a
3508 3373 3631 3426 quo
3658 3361 3809 3413 Deus

2144 3445 2288 3500 alter
2318 3445 2503 3499 factus
2554 3443 2750 3514 fuerit,
2803 3445 2974 3513 cujus
3023 3459 3201 3515 opera
3231 3443 3461 3510 cmlum,
3496 3449 3719 3500 terram
3751 3451 3806 3501 et

2144 3533 2343 3590 omnia
2374 3549 2498 3603 quae
2531 3533 2590 3586 in
2622 3533 2708 3588 eis
2739 3541 2898 3599 sunt,
2933 3533 3231 3599 creaverit,
3281 3533 3440 3587 hunc
3471 3539 3679 3589 tamen
3715 3552 3810 3606 po-

2145 3623 2451 3678 steriorem
2503 3637 2870 3693 nequaquam
2927 3621 3143 3676 bonum
3189 3623 3470 3687 evasisse,
3515 3638 3709 3694 neque
3738 3641 3807 3679 ea

2145 3728 2270 3782 quae
2305 3710 2440 3766 fecit
2496 3711 2644 3766 bene
2690 3711 2918 3776 fecisse,
2971 3711 3070 3765 sed
3105 3727 3207 3782 pro
3239 3713 3403 3781 pravi
3433 3713 3526 3766 sui
3560 3713 3802 3768 affectus

2143 3799 2409 3868 libidine,
2443 3799 2886 3869 subjecit.0uod
2920 3799 2980 3852 in
3012 3815 3189 3854 causa
3221 3799 3352 3866 fuit,
3377 3805 3442 3855 ut
3462 3799 3802 3856 novissimis

2144 3890 2202 3944 in
2236 3889 2444 3944 diebus
2473 3889 2742 3944 Christus
2775 3889 2873 3944 Dei
2924 3889 3185 3959 superni,
3231 3890 3622 3961 ejusdemque
3664 3891 3802 3946 boni

2145 3979 2329 4034 Filius
2361 3980 2419 4034 in
2458 3987 2667 4034 terram
2699 3979 2940 4048 venerit,
2973 3994 3324 4050 carnemque
3355 3996 3512 4048 vere,
3565 3996 3680 4035 non
3733 3996 3806 4036 ex

2149 4070 2330 4126 Maria
2369 4069 2614 4140 virgine,
2639 4071 2740 4124 sed
2767 4086 2834 4126 ex
2852 4069 3057 4124 mundi
3085 4069 3439 4136 substantia,
3459 4087 3807 4142 assumpse-

2148 4157 2243 4226 rit,
2277 4160 2375 4229 qui
2405 4159 2613 4213 deinde
2660 4159 2978 4214 cruciﬁxus
3025 4161 3082 4212 et
3113 4157 3387 4228 sepultus
3419 4160 3810 4216 resurrexerit

2146 4247 2571 4318 discipulisque
2593 4264 2762 4302 suam
2785 4247 2973 4318 ipsius
3005 4262 3241 4301 carnem
3274 4249 3808 4319 ostenderit,atque

2145 4337 2382 4392 tandem
2417 4336 2473 4390 in
2507 4353 2574 4391 ea
2598 4336 2790 4391 denuo
2811 4335 3123 4402 resolutus,
3145 4351 3210 4390 ex
3235 4337 3447 4407 quibus
3470 4341 3811 4401 constabat,

2148 4441 2315 4481 suum
2377 4427 2586 4496 cuique
2641 4426 2948 4489 elemento,
3012 4424 3266 4480 calidum
3327 4424 3550 4481 scilicet
3593 4427 3810 4482 calido.

2149 4514 2424 4586 frigidum
2459 4514 2694 4585 frigido,
2729 4515 2949 4569 siccum
2984 4514 3160 4581 sicco,
3213 4514 3520 4570 humidum
3555 4517 3813 4586 denique

2069 4593 2393 4658 Dhumido
2471 4602 2809 4669 reddiderit,
2886 4608 3058 4672 atque
3131 4603 3209 4657 ita
3282 4617 3350 4657 ea
3398 4619 3572 4660 carne
3630 4621 3809 4675 quam

2155 4695 2576 4762 assumpserat,
2639 4690 2939 4756 liberatus,
2999 4691 3193 4746 carnis
3251 4706 3457 4763 eXpers
3505 4693 3566 4747 in
3598 4694 3810 4749 emtum

2155 4781 2504 4839 ascenderit.

2468 4930 2741 4984 Har-escas
2770 4927 3130 4999 praecedentis
3161 4929 3489 4998 con/utalia.

2227 5057 2483 5129 Apellem
2536 5056 2700 5111 illum
2752 5056 3036 5128 optimum
3066 5056 3459 5111 humanarum
3493 5057 3816 5113 formarum

2156 5147 2659 5220 depingendarum
2693 5146 2974 5200 artiﬁcem
2999 5145 3228 5216 Apelles
3263 5146 3354 5200 hic
3404 5144 3465 5199 in
3521 5147 3829 5217 opinioni-

2156 5239 2265 5294 bus
2296 5236 2418 5292 suis
2448 5235 2521 5290 de
2557 5237 2667 5290 Deo
2700 5234 3168 5290 commentandis
3192 5249 3560 5304 nequaquam
3584 5252 3645 5290 se
3668 5253 3820 5306 pra:-

2153 5327 2323 5391 stitit,
2359 5327 2476 5381 imo
2501 5325 2692 5397 potius
2724 5324 3097 5395 obliquorum
3131 5325 3473 5394 dogmatum
3507 5325 3816 5391 conﬁctor,

2155 5421 2212 5472 et
2243 5416 2420 5471 veluti
2456 5415 2690 5487 quidam
2724 5413 2919 5485 figulis
2951 5413 3256 5485 imperitus
3276 5413 3680 5485 deprehensus
3700 5420 3815 5473 est.

2154 5507 2288 5570 Quae
2321 5505 2556 5576 quidem
2592 5506 2861 5573 dogmata
2912 5503 3073 5573 virga
3128 5503 3335 5567 ferrea,
3384 5501 3496 5558 hoc
3535 5512 3622 5558 est
3657 5509 3812 5560 recta

2155 5595 2291 5650 ﬁdei
2323 5595 2526 5666 regula
2557 5592 2792 5648 tandem
2846 5591 3145 5647 confracta
3198 5595 3254 5646 et
3283 5592 3590 5663 antiquata
3619 5599 3759 5649 sunt
3790 5612 3808 5647 :

2155 5687 2325 5756 atque
2373 5683 2624 5740 validius
2682 5681 2881 5749 etiam,
2942 5697 3122 5752 quam
3170 5679 3363 5737 fusilis
3423 5679 3524 5737 illa
3583 5687 3812 5754 statua,
