4090 6192
289 381 448 442 1281

1631 379 2035 440 THESAURI
2075 381 2230 440 BIB.
2279 381 2386 443 IV.

3556 383 3713 443 1282

291 529 471 586 quam
503 511 737 567 taurino
767 511 956 582 capite
984 512 1244 566 efﬁxerat
1293 511 1563 580 ebrietas,
1598 513 1655 567 in
1719 512 1944 569 minuta
1976 521 2029 580 Α
2061 515 2439 571 deliramenta
2470 515 2814 571 Severianus
2839 514 3170 585 expiscatus
3203 519 3309 580 est,
3343 515 3553 571 deinde
3587 517 3713 588 ipse

291 605 620 675 fragmenta
654 600 946 656 confracta
980 604 1037 655 et
1063 601 1276 672 potrita
1307 600 1500 656 fuerit.

367 689 897 746 Introducitautem
916 687 1266 760 principium
1289 706 1471 744 unum
1488 689 1947 760 innominatum,

292 797 326 834 a
359 796 474 849 quo
504 778 685 834 Deum
721 776 902 831 alium
939 778 1294 848 processisse
1343 779 1565 848 subdit,
1620 781 1722 852 qui
1753 781 1952 836 omnia

299 871 583 922 creaverit
646 882 658 919 :
721 867 892 935 idque
924 882 1039 921 non
1072 873 1248 932 recte,
1309 868 1411 921 sed
1471 867 1622 922 male
1679 875 1734 923 et
1779 875 1952 940 prout

298 961 582 1025 corruptae
615 957 835 1010 mentis
866 961 991 1010 erat
1039 955 1239 1012 lumen
1292 957 1436 1012 illud
1470 959 1621 1028 quod
1655 959 1770 1014 diei
1803 976 1947 1030 prae-

298 1047 475 1110 lucet,
507 1049 608 1100 aut
668 1061 858 1100 aerem
919 1062 1089 1116 quem
1153 1046 1448 1116 spiramus
1493 1047 1948 1119 haudquaquam

297 1135 540 1200 veritus,
576 1150 690 1188 non
722 1133 890 1203 panis
922 1151 1036 1204 quo
1069 1133 1308 1203 alimur,
1345 1153 1458 1189 non
1517 1153 1676 1206 aqua:
1733 1153 1849 1208 qua
1892 1138 1949 1192 in

301 1229 440 1295 potu
473 1221 716 1287 utimur,
765 1239 880 1278 non
944 1227 1282 1278 caaterorum
1328 1226 1703 1297 cujusquam,
1737 1227 1952 1298 quibus

304 1315 591 1378 homines,
627 1316 689 1366 ut
718 1316 925 1366 caetera
956 1312 1240 1383 spirantia
1273 1315 1651 1384 perfruimur,
1669 1316 1949 1370 rationem

303 1403 488 1458 ullam
523 1401 764 1456 habens.
802 1401 863 1454 In
896 1402 1109 1470 quibus
1159 1403 1480 1472 praesertim
1539 1406 1732 1460 minus
1779 1410 1950 1471 recte,

303 1508 410 1546 nec
443 1496 507 1545 ut
537 1496 834 1546 creaturas
866 1490 1029 1544 decet
1068 1491 1242 1545 verba
1275 1491 1343 1546 de
1374 1509 1439 1547 eo
1499 1493 1701 1548 fecisse
1759 1495 1955 1564 depre-

303 1579 606 1646 henditur,
635 1597 666 1633 a
688 1595 800 1648 quo
833 1577 945 1633 illa;
978 1580 1037 1632 in
1085 1595 1278 1634 rerum
1336 1584 1607 1636 naturam
1658 1583 1955 1652 productae

304 1673 464 1722 sunt.
499 1667 572 1721 Ut
602 1671 754 1721 certe
789 1665 1084 1721 Christum
1120 1667 1356 1738 superni
1405 1669 1786 1740 ejusdemque
1821 1667 1954 1724 boni

302 1756 406 1811 Dei
437 1755 644 1809 Filium
681 1755 948 1823 fateatur,
982 1756 1076 1826 qui
1121 1771 1314 1810 revera
1365 1773 1601 1812 carnem
1637 1757 1952 1812 humanam

301 1843 582 1910 induerit,
615 1858 827 1913 passus
859 1844 1017 1908 sit,et
1049 1845 1732 1912 resurrexsrit,eumdem
1756 1852 1952 1900 tamen
1985 1871 2032 1935 B

306 1949 440 1988 cum
474 1934 532 1988 in
563 1931 738 1988 caelos
764 1933 1050 2001 ascendit,
1083 1949 1318 1988 carnem
1362 1935 1730 2005 deposuisse,
1767 1934 1954 2006 priva-

307 2028 549 2092 tumque
582 2037 822 2091 corpore
881 2021 1220 2076 ascendisse
1278 2023 1596 2079 contendit.
1657 2025 1781 2088 Qua
1812 2024 1872 2078 in
1903 2040 1962 2078 re

307 2112 523 2183 partim
555 2111 824 2176 Cerdoni,
857 2111 1070 2180 partim
1130 2110 1412 2167 Marciani
1443 2111 1713 2177 colludit,
1748 2113 1957 2182 partim

307 2201 537 2256 caeteris
578 2199 864 2255 haereticis
913 2200 1290 2271 astipulatur,
1339 2217 1694 2272 erroneaque
1743 2207 1796 2256 et
1846 2202 1959 2256 im-

306 2290 609 2362 probanda
641 2305 775 2345 cum
809 2289 927 2344 illis
958 2290 1236 2361 dogmata
1255 2290 1412 2346 velut
1441 2291 1956 2362 haereditariojure

308 2380 576 2435 sortitur.

377 2468 532 2522 Idem
565 2466 739 2522 aliam
775 2483 1006 2538 quoque
1038 2467 1305 2523 haeresim
1326 2469 1583 2538 innovat,
1616 2471 1756 2526 dum
1788 2471 1956 2526 Chri-

309 2562 468 2612 stum
501 2556 611 2610 sibi
645 2562 896 2626 quatuor
924 2573 992 2611 ex
1025 2556 1474 2624 elementis,non
1505 2565 1700 2615 autem
1735 2577 1801 2615 ex
1829 2561 1954 2616 Vir-

304 2646 460 2718 ginis
519 2645 904 2716 sanguinibus
964 2662 1197 2702 carnem
1257 2649 1617 2720 compegisse
1676 2648 1884 2705 asserit
1937 2665 1952 2704 :

307 2737 631 2808 eademque
664 2737 855 2791 denuo
916 2735 974 2790 in
1034 2736 1136 2791 illa
1192 2737 1549 2805 dissolvisse,
1611 2755 1679 2794 ex
1738 2739 1954 2811 quibus

308 2825 631 2895 composita
669 2825 874 2890 fuerat,
927 2826 1081 2895 quod
1127 2825 1365 2896 quidem
1399 2826 1614 2881 Christi
1647 2830 1824 2897 gestis
1853 2829 1953 2882 ad-

306 2918 592 2968 versatur.
637 2918 776 2967 Nam
831 2911 875 2966 si
909 2929 1145 2968 carnem
1200 2914 1431 2969 caelitus
1483 2915 1800 2985 attulisset,
1835 2933 1952 2988 quo

306 3009 573 3075 tompore
604 3002 885 3074 Angelum
918 3003 1349 3076 Evangelistam
1373 3005 1432 3060 in
1459 3006 1748 3063 civitatem
1779 3008 1953 3065 Naza-

308 3093 532 3147 retham
569 3092 808 3147 miserat
842 3110 854 3147 :
889 3094 958 3146 ad
993 3093 1156 3163 quid,
1189 3110 1404 3162 quaeso,
1457 3111 1603 3165 opus
1645 3097 1696 3150 ei
1744 3097 1947 3165 fuerat,

310 3185 377 3236 ut
435 3182 503 3235 ad
561 3185 793 3252 tempus
855 3183 914 3235 in
970 3186 1130 3237 utero
1188 3184 1448 3255 Virginis
1488 3185 1856 3253 formaretur,
1885 3203 1952 3240 ex

309 3271 762 3341 eodemdemque
793 3287 926 3325 cum
984 3273 1374 3328 crassitudine
1435 3275 1692 3346 corporis
1726 3276 1957 3331 exiret?

952 3381 1101 3434 CAP.
1138 3380 1314 3436 XVII.

307 3467 550 3539 Septima
575 3467 786 3546 decima
816 3468 1090 3546 haeresis,
1148 3469 1594 3546 Seuerianorum.
1629 3474 1698 3528 Hi
1751 3490 1959 3546 quoque

706 3541 778 3595 ad
808 3541 1135 3611 baptismum
1162 3542 1550 3600 admittuntur.

374 3628 803 3700 Principatibus
837 3630 929 3686 hic
961 3646 1192 3704 quoque
1243 3632 1758 3706 Potestatibusque
1793 3633 1954 3690 illam

299 3732 496 3773 rerum
555 3719 904 3774 creationem
959 3737 1133 3790 quam
1183 3721 1476 3778 credimus
1526 3725 1953 3781 accommodat.

297 3807 510 3878 Aitquc
541 3824 724 3862 unum
757 3823 886 3863 esse
921 3809 1098 3864 Deum
1132 3810 1355 3866 bonum
1390 3811 1449 3866 in
1506 3828 1782 3884 supremo
1814 3813 1955 3869 coelo

307 3899 364 3951 et
405 3895 638 3951 saeculo.
693 3896 993 3953 Diabolum
1035 3903 1230 3954 autem
1281 3917 1350 3956 ex
1401 3901 1528 3971 ejus
1577 3903 1794 3958 femore
1823 3920 1957 3974 pro-

306 3985 576 4052 cessisse,
634 3989 736 4056 qui
793 3992 1149 4059 potestatum
1209 3989 1400 4045 ordini
1460 3996 1725 4062 praeest:
1778 4008 1950 4062 quem

303 4073 481 4128 etiam
512 4073 961 4132 Jaldabacthum
1009 4081 1195 4136 vocat.
1230 4078 1538 4134 Diabolum
1564 4079 1739 4144 hunc,
1773 4080 1954 4136 simul

304 4166 479 4234 atque
503 4163 562 4217 in
583 4162 770 4219 lucem
798 4165 991 4222 editus
1013 4171 1120 4236 est,
1145 4172 1473 4238 serpentem
1498 4168 1951 4239 deprehensum,

302 4257 362 4306 et
392 4251 606 4307 idcirco
637 4253 696 4308 in
724 4258 939 4310 terram
1000 4255 1312 4326 dejectum.
1370 4260 1632 4328 Cumque
1693 4259 1954 4314 venereis

302 4338 562 4396 stimulis
585 4347 963 4413 pungeretur,
999 4361 1132 4400 cum
1191 4348 1347 4400 terra
1380 4361 1493 4400 non
1552 4361 1720 4400 secus
1780 4350 1953 4417 atque

301 4444 437 4483 cum
471 4430 715 4486 muliere
748 4449 870 4488 rem
900 4432 1197 4500 habuisse,
1231 4434 1526 4504 vitemque
1565 4435 1692 4505 ejus
1725 4451 1755 4489 e
1785 4451 1952 4506 sper-

299 4522 454 4574 mate
485 4523 1108 4591 prognatam.Proinde
1140 4540 1174 4578 a
1206 4523 1339 4578 vino
1372 4523 1792 4579 abstinendum
1823 4541 1952 4581 esse

2063 621 2296 674 quoque
2345 605 2593 660 aliarum
2628 609 2834 660 auctor
2882 603 3204 674 haereseon,
3252 616 3530 676 tanquam
3586 607 3715 660 bla-

2063 692 2348 762 sphemiis
2382 693 2757 763 blasphemus
2819 708 3097 764 superare
3150 695 3482 760 contendat,
3515 713 3544 746 a
3599 695 3719 749 vini

2069 797 2174 835 usu
2230 797 2466 851 prorsus
2493 782 2913 837 abstinendum
2936 798 3063 836 esse
3087 783 3271 836 docet.
3298 781 3722 853 Dlabolumque

2062 884 2194 924 cum
2220 875 2372 924 terra
2400 887 2805 942 congressum,
2828 876 2884 924 et
2907 871 3114 925 exinde
3133 871 3304 924 vitem
3334 887 3462 925 mox
3485 877 3711 925 enatam

2061 974 2291 1012 aserere
2353 975 2469 1013 non
2503 964 2775 1015 veretur:
2810 959 2892 1014 ita
2927 965 2993 1014 ut
3021 959 3197 1014 vitem
3248 959 3385 1013 mali
3435 961 3718 1015 daemonis

2065 1044 2281 1099 malum
2317 1062 2464 1116 opus
2513 1047 2801 1102 afﬁrmet:
2837 1046 3116 1118 ignorans
3152 1047 3352 1102 omnia
3406 1064 3532 1118 quae
3565 1047 3718 1101 Deus

2064 1132 2278 1186 creavit
2307 1149 2436 1188 esse
2468 1135 2639 1202 bona,
2676 1140 2849 1205 prout
2877 1137 3137 1206 ejusdem
3193 1134 3387 1189 divina
3419 1152 3528 1189 vox
3571 1142 3716 1190 atte—

2063 1225 2270 1276 statur.
2306 1222 2518 1278 Malum
2553 1224 2789 1294 quidem
2823 1229 2907 1278 est
2938 1225 3208 1290 ebrietas,
3245 1228 3300 1278 et
3328 1239 3519 1278 rerum
3555 1241 3718 1279 crea-

2064 1312 2258 1363 tarum
2287 1312 2552 1381 abusus;
2585 1329 2718 1367 nam
2779 1313 2864 1368 sol
2909 1331 3139 1384 quoque
3197 1313 3468 1384 caliginis
3519 1317 3722 1369 auctor

2061 1402 2151 1452 est
2183 1398 2274 1466 iis,
2307 1402 2409 1470 qui
2444 1403 2502 1456 in
2535 1403 2664 1472 ejus
2712 1403 2907 1457 orbem
2964 1408 3120 1458 recta
3174 1403 3474 1458 oculorum
3538 1404 3720 1458 aciem

2063 1486 2368 1558 dirigunt:
2406 1507 2520 1543 non
2555 1495 2745 1544 tamen
2771 1508 2836 1545 ea
2862 1491 2930 1546 de
2953 1507 3131 1546 causa
3155 1490 3582 1547 lucidissimum
3607 1491 3716 1546 hoc

2065 1575 2180 1630 dici
2212 1575 2412 1631 lumen
2446 1580 2880 1648 aspernandum
2940 1584 3046 1634 est.
3109 1582 3274 1650 Aqua
3325 1581 3504 1635 vitam
3542 1581 3713 1634 rebus

2065 1664 2318 1718 admotis
2355 1664 2641 1736 largitur:
2705 1668 2903 1720 eadem
2937 1668 3222 1722 sull‘ocare
3280 1685 3513 1738 quoque
3545 1668 3713 1723 solet.

2066 1751 2226 1822 Ignis
2259 1752 2458 1806 itidem
2492 1753 2754 1808 calefacit
2787 1760 2960 1825 atque
2994 1755 3129 1810 urit.
3156 1756 3398 1811 Gladius
3432 1757 3632 1811 multis
3659 1759 3716 1812 in

2067 1841 2240 1896 rebus
2271 1843 2674 1898 conducibiles
2705 1849 2832 1899 est:
2891 1850 2948 1898 at
2982 1845 3132 1899 idem
3169 1845 3484 1900 homicidia
3517 1862 3720 1916 perpe-

2074 1935 2204 1984 trat.
2237 1931 2330 1984 Sic
2373 1947 2434 1986 se
2461 1929 2680 1986 habent
2712 1936 2918 1987 cwtera
2949 1949 3179 2004 quoque
3229 1935 3447 2001 omnia,
3505 1935 3722 2006 quibus

2071 2017 2332 2073 humana
2364 2019 2508 2074 vitat
2539 2025 2786 2076 constat.
2822 2021 2972 2086 Quin
3005 2039 3202 2076 earum
3228 2024 3402 2078 etiam
3438 2023 3720 2078 virtutum

2070 2123 2197 2177 qua:
2226 2107 2436 2179 reginae
2469 2108 2767 2176 dicuntur,
2823 2127 2965 2165 usus
2998 2110 3121 2181 ipse
3155 2111 3346 2166 medio
3377 2112 3716 2182 neutiquam

2068 2201 2246 2252 caret.
2290 2197 2348 2252 Si
2382 2199 2516 2268 quis
2574 2215 2710 2270 ergo
2741 2215 2833 2255 res
2890 2199 3230 2270 hujusmodi
3280 2216 3348 2255 ex
3405 2200 3714 2256 hominum

2070 2302 2177 2340 usu
2211 2287 2582 2355 auferat,solo
2604 2289 3030 2343 contrarietatis
3063 2306 3357 2345 concursu
3393 2295 3714 2361 permotus,

2067 2374 2118 2429 is
2149 2375 2380 2442 efﬁciet,
2415 2381 2480 2431 ut
2510 2392 2712 2432 earum
2746 2393 2936 2433 rerum
2972 2378 3097 2434 sine
3132 2378 3347 2450 quibus
3377 2380 3497 2434 vita
3521 2383 3720 2435 nostra

2069 2462 2299 2534 ingrata
2358 2470 2414 2519 et
2475 2467 2680 2522 acerba
2739 2467 2934 2522 futura
2990 2467 3089 2536 sit,
3149 2467 3320 2523 nulla:
3396 2469 3713 2540 supersint.

2069 2551 2271 2608 Multis
2304 2569 2436 2609 vero
2476 2555 2651 2610 etiam
2711 2557 2799 2612 vel
2833 2572 2984 2612 mica
3014 2557 3181 2629 panis
3221 2562 3465 2614 mortem
3497 2557 3718 2613 attulit.

2066 2647 2140 2699 At
2167 2645 2291 2701 fieri
2323 2651 2516 2702 tamen
2568 2649 2732 2702 nullo
2767 2649 2938 2704 modo
2989 2652 3196 2720 potest,
3234 2653 3296 2703 ut
3343 2666 3491 2720 pane
3523 2665 3716 2704 carea-

2069 2751 2222 2803 mus,
2262 2736 2362 2807 qui
2419 2740 2699 2806 tanquam
2735 2753 2827 2792 res
2885 2737 3148 2792 omnium
3208 2738 3590 2805 solidissima,
3622 2755 3721 2792 cor

2064 2824 2326 2881 hominis
2374 2827 2703 2896 confirmat,
2761 2829 3261 2899 quemadmodum
3311 2832 3367 2883 et
3408 2829 3626 2894 vinum,
3665 2828 3714 2882 si

2063 2918 2391 2986 opportune
2426 2918 2838 2986 moderateque
2861 2916 3114 2982 bibatur,
3151 2934 3254 2972 nec
3287 2916 3454 2972 illum
3488 2936 3712 2993 σωφρο-

2062 3002 2226 3072 σύνης
2261 3021 2363 3059 seu
2399 3005 2788 3076 temperantiae
2823 3015 3103 3061 craterem
3137 3006 3448 3077 transiliat,
3484 3012 3584 3061 aut
3613 3023 3705 3061 se-

2065 3093 2321 3148 cundum
2357 3094 2564 3148 saltem
2600 3110 2713 3148 non
2746 3095 3004 3163 excedat,
3037 3093 3379 3167 αὐταρκειας,
3422 3111 3521 3150 seu
3557 3095 3722 3150 suffi-

2068 3181 2294 3237 cientis:
2326 3182 2496 3252 vulgo
2547 3183 2750 3249 fertur,
2809 3199 2922 3253 quo
2983 3183 3221 3254 quidem
3286 3184 3437 3238 bona
3495 3183 3723 3255 corpori

2069 3269 2338 3325 valetudo
2396 3271 2619 3326 accedit
2672 3272 2970 3341 animique
3022 3289 3158 3343 pars
3209 3271 3512 3327 rationalis
3571 3277 3725 3326 sarta.

2066 3363 2220 3415 tecta
2278 3360 2520 3416 fovetur.
2577 3360 2858 3430 Quodque
2917 3376 2984 3414 eo
3043 3361 3234 3430 majus
3290 3365 3398 3428 est,
3459 3361 3717 3432 seipsum

2067 3450 2334 3506 Christus
2357 3449 2456 3504 viti
2491 3449 2929 3522 discipulosque
2962 3450 3297 3522 palmitibus
3322 3451 3716 3522 comparavit:

2066 3541 2217 3597 Patri
2251 3541 2505 3611 denique
2537 3556 2747 3596 nomen
2781 3540 3046 3612 agricolae
3102 3541 3333 3596 indidit.
3371 3543 3518 3607 Quin
3567 3548 3624 3597 et
3655 3542 3712 3597 in

2067 3635 2232 3686 nocte
2258 3629 2377 3694 illa,
2403 3647 2521 3701 qua
2550 3630 2910 3696 tradebatur,
2945 3631 3235 3701 accipiens
3293 3647 3500 3701 panem
3538 3632 3715 3685 refer-

2064 3725 2310 3792 tumque
2359 3720 2492 3775 vino
2545 3721 2808 3788 calicem,
2855 3729 2907 3775 et
2978 3725 3290 3792 utrumque
3343 3721 3711 3787 benedicens,

2065 3809 2292 3866 Novum
2329 3809 2498 3864 nobis
2529 3811 2968 3864 Testamentum
3003 3809 3263 3876 tradidit;
3298 3825 3441 3879 pane
3475 3808 3712 3878 quidem

2064 3901 2121 3954 in
2158 3915 2334 3956 suum
2375 3915 2612 3968 corpus,
2642 3899 2774 3952 vino
2806 3902 2997 3952 autem
3043 3898 3101 3951 in
3149 3898 3493 3968 sanguinem
3554 3915 3713 3953 com-

2066 3993 2312 4043 mutato.
2359 3987 2572 4057 Hisque
2629 3986 2772 4040 adeo
2819 3986 3108 4040 ambobus
3140 3985 3308 4042 nobis
3338 3988 3710 4057 conjunctus,

2065 4077 2162 4149 qui
2195 4077 2266 4132 ab
2299 4076 2398 4130 illo
2430 4091 2634 4130 sumus
2659 4073 3105 4145 appellationem
3131 4075 3342 4143 sortiti,
3365 4077 3488 4132 dies
3510 4093 3714 4132 omnes

2065 4165 2373 4220 nobiscum
2423 4167 2709 4230 versatur,
2779 4164 3276 4232 quemadmodum
3336 4167 3507 4220 etiam
3577 4184 3712 4238 pro-

2064 4253 2246 4307 misit.
2281 4252 2466 4321 Atque
2494 4251 2572 4305 ita
2601 4249 2818 4306 nostris
2871 4251 3112 4322 quidem
3144 4252 3228 4307 vel
3282 4252 3341 4307 in
3375 4253 3715 4324 hujusmodi

2063 4341 2354 4413 mysteriis
2381 4340 2611 4394 arcanis
2643 4339 2757 4394 vini
2791 4357 2936 4396 usus
2987 4340 3148 4398 utilis
3193 4347 3249 4398 et
3297 4342 3562 4398 salutifer
3612 4345 3712 4399 de-

2062 4429 2468 4502 prehenditur.

2130 4519 2476 4576 Severianus
2526 4525 2722 4574 autem
2773 4519 2871 4591 qui
2921 4520 3123 4577 vinum
3175 4527 3231 4577 et
3285 4523 3517 4593 nuptias
3551 4540 3713 4579 exse.

301 4605 548 4673 dicebat,
585 4610 736 4678 quod
802 4610 1042 4680 quidem
1094 4627 1249 4666 nunc
1304 4612 1362 4665 in
1398 4612 1672 4681 furorem,
1705 4631 1861 4670 nunc
1897 4615 1956 4670 in
1989 4607 2036 4669 D
2067 4615 2285 4677 oratur,
2315 4609 2625 4679 indignum
2649 4625 2710 4663 se
2735 4610 2946 4680 prodit,
2971 4612 3138 4682 etqui
3164 4629 3418 4684 unquam
3445 4613 3499 4668 in
3525 4612 3712 4668 lucem

299 4693 449 4749 iram
483 4703 806 4754 exacueret.
842 4699 1139 4755 Feminam
1165 4707 1443 4771 praeterea
1477 4701 1655 4758 miser
1676 4702 1773 4758 ille
1803 4721 1836 4758 a
1859 4705 1957 4761 Sa-

301 4787 441 4840 tana
472 4785 708 4856 factam,
752 4805 969 4859 eosque
1001 4790 1100 4860 qui
1158 4807 1292 4845 cum
1357 4796 1572 4848 femina
1603 4795 1956 4850 concumbe-

301 4878 453 4941 rent,
487 4879 712 4930 Satanaz
758 4893 908 4948 opus
940 4877 1265 4950 adimplere
1324 4880 1714 4935 fabulabatur.
1769 4887 1956 4953 Atque

300 4979 365 5017 ea
412 4963 483 5018 de
538 4981 717 5021 causa
772 4968 1006 5038 nuptias
1065 4968 1466 5024 dissuadebat.
1528 4969 1771 5041 Insuper
1825 4988 1954 5027 eam

303 5069 538 5124 quoque
573 5054 828 5111 hominis
856 5063 1106 5128 partem,
1142 5075 1267 5129 quas
1299 5059 1568 5131 superior
1619 5063 1791 5124 esset,
1825 5078 1951 5116 um-

300 5141 594 5214 bilicoque
624 5149 797 5200 tenus
851 5147 1322 5217 protenderetur,
1383 5148 1693 5220 potestatis
1742 5149 1956 5205 Christi

302 5235 652 5288 creaturam:
680 5251 805 5306 quae
828 5241 1021 5291 autem
1055 5243 1552 5308 consequerentur
1590 5237 1955 5307 umbilicum,

299 5336 368 5374 ea
400 5320 553 5376 idem
589 5324 751 5378 malae
811 5327 1114 5396 potestatis
1155 5343 1303 5396 opus
1359 5343 1486 5381 csse
1547 5328 1952 5383 contendebat.

297 5409 478 5466 Vetus
522 5413 774 5484 denique
821 5414 1277 5485 Testamentum,
1331 5433 1445 5470 una
1503 5431 1634 5470 cum
1701 5432 1956 5471 resurre-

301 5499 494 5555 ctione
528 5507 891 5558 mortuorum
928 5504 1319 5559 inticiabatur.

619 5593 892 5648 Haereseos
921 5592 1282 5664 praecedentis
1311 5597 1638 5664 confatalia.

378 5680 457 5734 Ex
515 5679 808 5753 plerisque
867 5681 1273 5738 haeresiarchis
1331 5699 1394 5737 ea
1446 5699 1573 5753 qua:
1631 5683 1955 5743 arriserunt

2067 4699 2385 4772 productus
2410 4698 2572 4767 sit,et
2591 4697 2690 4770 qui
2715 4698 2951 4755 calicem
2975 4699 3206 4756 Domini
3229 4706 3442 4758 sumat.
3461 4707 3716 4774 Utraque

2067 4790 2224 4846 enim
2254 4788 2525 4844 Christus
2555 4788 2871 4854 benedixit,
2901 4791 3138 4862 nuptias
3189 4791 3426 4863 quidem
3460 4809 3716 4864 praesen-

2070 4880 2168 4948 tia,
2196 4879 2396 4936 vinum
2431 4885 2628 4936 autem
2660 4896 2729 4935 ex
2779 4897 2930 4952 aqua
2962 4897 3106 4937 novo
3155 4887 3211 4938 et
3241 4883 3502 4938 inaudito
3544 4882 3712 4937 mira-

2067 4969 2199 5026 culo
2235 4971 2476 5033 factum,
2499 4968 2628 5024 Jam
2663 4984 2794 5023 vero
2822 4969 2959 5040 quid
2994 4985 3302 5025 commune
3326 4973 3439 5025 luci
3472 4975 3529 5025 et
3559 4975 3714 5026 tene-

2067 5057 2219 5112 bris?
2253 5059 2514 5127 Itemque
2571 5056 2686 5112 Deo
2717 5061 2774 5111 et
2811 5058 3055 5112 daemoni
3102 5065 3165 5112 ut
3211 5074 3347 5112 eum
3402 5058 3714 5114 creationis

2067 5154 2393 5217 compotem
2426 5145 2600 5200 faciat
2619 5145 2646 5198 ‘?
2675 5145 2778 5201 Hic
2809 5145 2962 5200 enim
3019 5147 3272 5201 universi
3336 5152 3582 5213 creator,
3618 5148 3713 5202 ille

2066 5251 2202 5292 vero
2234 5239 2498 5288 creatura
2541 5238 2833 5297 censetur,
2889 5250 3070 5304 eaque
3102 5235 3266 5304 adeo,
3328 5251 3458 5306 quae
3487 5237 3625 5307 quia
3656 5239 3714 5292 in

2067 5320 2138 5375 iis
2178 5337 2303 5390 qua:
2337 5324 2656 5388 acceperat,
2691 5318 2929 5374 minime
2992 5329 3439 5392 perseverasset,
3483 5324 3600 5379 imo
3631 5328 3717 5380 te-

2071 5409 2336 5464 merariis
2368 5410 2423 5462 in
2458 5412 2777 5462 creatorem
2813 5408 2974 5463 ausis
3018 5409 3458 5482 insurrexisset,
3507 5414 3718 5469 idcirco

2068 5498 2241 5555 etiam
2275 5513 2342 5552 ex
2373 5497 2488 5552 alto
2515 5514 2767 5568 praeceps
2790 5499 3096 5556 deturbata
3124 5506 3231 5572 est,
3251 5505 3443 5559 omnis
3466 5505 3720 5576 denique

2068 5588 2342 5660 nequitiae
2376 5595 2551 5661 caput
2581 5593 2638 5643 et
2669 5594 2964 5646 auctorem
2999 5609 3062 5648 se
3093 5595 3382 5665 praestitit.

2140 5679 2320 5736 Filius
2351 5695 2488 5752 ergo
2523 5678 2872 5750 perditionis
2904 5685 2959 5736 et
3001 5682 3284 5742 malorum
3331 5689 3588 5743 auctoris
3620 5683 3716 5740 ille
