4090 6192
1691 339 2008 404 NICETA!
2048 332 2469 402 GHONIATE

379 511 565 586 proles
598 513 706 576 cst,
741 506 1073 579 quicunque
1105 505 1219 557 Deo
1247 505 1303 555 et
1329 498 1581 554 daemoni
1612 495 1816 586 nostri,
1853 492 2019 586 quasi
2052 479 2104 543 Α
2134 476 3026 586 ξ’θξιξίϐῗ-ενεξῐίὶαἶξξξξίυῗίξἓξ
3588 470 3800 586 neno?

378 581 670 655 communi
704 596 954 672 quodam
990 591 1329 654 dividundo,
1364 587 1709 644 creationem
1741 581 2022 654 impertit,

377 690 673 760 marisque
714 685 856 742 adeo
890 699 1022 738 cum
1059 683 1273 737 femina
1305 693 1711 750 congressum,
1744 690 1890 746 Opus
1920 672 2022 727 Sa-

378 779 635 836 tanicum
670 775 958 849 appellat:
998 771 1186 846 qualis
1219 772 1632 843 ﬁgmentorum
1682 762 2021 836 hujusmodi

376 873 578 924 auctor
608 865 955 927 Severianus
989 862 1272 933 arguitur.

1007 986 1162 1044 CAP.
1193 984 1388 1043 XVIII.

448 1102 642 1157 Octava
673 1098 881 1153 dect-ma
912 1094 1152 1161 haeresis,
1194 1090 1443 1146 Tatiam'.
1468 1090 1539 1144 Hi
1568 1088 1944 1158 baptinantur.

445 1208 673 1264 Tatiani
693 1207 938 1261 haereses
962 1197 1723 1267 aValentiniMarcionisque
1743 1193 2022 1265 dogmati-

371 1302 482 1357 bus
515 1300 715 1355 alienae
749 1295 1033 1351 sunt.Imo
1057 1293 1151 1346 hic
1172 1291 1303 1346 illos
1324 1289 1622 1360 impietate
1646 1286 1703 1340 in
1729 1285 2021 1356 plerisque

374 1405 648 1462 superare
671 1385 1045 1449 contendens,
1074 1381 1448 1452 Evangelium
1476 1375 1842 1446 conscripsit,
1867 1371 2022 1443 quod

374 1476 462 1534 διᾶ
488 1476 786 1548 τεσσᾶρων,
820 1475 928 1528 hoc
960 1477 1048 1528 est
1084 1488 1153 1525 ex
1186 1474 1433 1541 quatuor
1465 1463 1852 1537 Evangelistis
1880 1480 2018 1516 con-

374 1571 579 1626 ﬂatum
611 1567 783 1636 vulgo
834 1561 1191 1634 appellatur:
1237 1556 1587 1627 genealogiis
1640 1553 1868 1618 accisis,
1903 1569 2019 1607 non

371 1659 612 1726 caeteris,
647 1667 1008 1725 quaecunque
1037 1647 1356 1704 Dominum
1406 1663 1474 1701 ex
1525 1644 1748 1700 semine
1780 1642 2016 1697 Davidis

371 1748 692 1803 secundum
734 1757 966 1797 carnem
1025 1737 1379 1812 processisse
1437 1737 1918 1789 commonstrant.
1955 1732 2018 1785 Et

369 1837 522 1909 quod
555 1835 623 1888 ad
658 1830 1006 1888 saeculorum
1047 1829 1279 1900 quidem
1312 1824 1698 1914 deliramenta
1749 1820 2012 1914 pertinet,
2046 1851 2091 1914 Β

369 1925 568 1981 eadem
601 1922 694 1977 ille
726 1938 854 1976 cum
905 1917 1210 1974 Valentino
1261 1914 1566 1970 sentiebat.
1619 1911 1779 1976 Quod
1819 1915 2012 1968 autem

370 2011 609 2083 nuptias
641 2011 1060 2074 rxsecraretur,
1092 2009 1148 2060 et
1179 2022 1211 2059 a
1240 2004 1415 2058 rebus
1462 2000 1738 2056 animatis
1769 1998 2018 2068 vinoque

367 2099 705 2165 abstineret,
758 2113 888 2152 cum
942 2093 1256 2150 Saturnino
1311 2096 1368 2146 et
1441 2089 1744 2145 Severiano
1801 2086 2018 2144 sentire

368 2184 938 2260 deprehendebatur.
977 2182 1140 2238 Unde
1189 2179 1362 2236 etiam
1416 2195 1615 2235 eorum
1672 2177 1771 2248 qui
1803 2178 2014 2232 Encra-

369 2281 504 2347 titae,
539 2282 595 2332 et
626 2275 854 2354 Aquarii
887 2273 1024 2330 dicti
1057 2276 1214 2337 sunt,
1248 2272 1365 2325 dux
1393 2274 1451 2325 et
1479 2271 1681 2324 auctor
1709 2266 1832 2321 fuit.

366 2369 508 2424 Cum
561 2369 717 2422 enim
766 2367 1130 2422 sacramenta
1163 2362 1230 2416 ad
1276 2365 1488 2415 sanctae
1520 2357 1788 2414 Ecclesiae
1818 2356 2015 2411 imita‘

363 2458 584 2514 tionem
610 2460 930 2530 perageret,
965 2457 1139 2526 atque
1190 2450 1271 2506 ita
1319 2448 1737 2504 continentiam
1789 2447 2018 2518 profite-

367 2552 549 2614 retur,
584 2547 642 2602 in
676 2541 1062 2601 sacramentis
1096 2541 1329 2612 quidem
1365 2556 1517 2610 aqua
1566 2536 1690 2593 sola
1721 2537 2012 2591 utebatur.

367 2639 652 2693 Caeterum
688 2633 908 2706 nuptiis
940 2630 1195 2700 injurius
1242 2628 1400 2684 nulla
1441 2627 1572 2682 illas
1600 2626 1660 2681 in
1692 2643 1749 2682 re
1781 2643 1812 2681 a
1845 2625 2016 2682 forni-

364 2727 591 2781 catione
625 2723 856 2779 differre
911 2720 1154 2776 dicebat.
1209 2718 1497 2774 Adamum
1533 2716 1783 2786 denique
1814 2715 2010 2786 ipsum

363 2815 593 2871 salvum
626 2829 755 2870 esse
779 2811 1172 2868 inficiabatur.

672 2925 940 2982 Haereseas
973 2917 1338 2992 przcedentis
1367 2915 1689 2988 con/utatio.

431 3032 726 3086 Adversus
775 3028 1125 3088 Marcionem
1176 3029 1233 3082 et
1285 3024 1453 3080 illum
1501 3022 1846 3080 subsecutus
1898 3019 2008 3076 hae-

360 3120 570 3177 reticos
631 3119 914 3187 scribens,
969 3117 1173 3174 eadem
1228 3129 1461 3187 quoque
1508 3113 1568 3167 in
1614 3110 1818 3167 haeresi
1869 3126 2002 3164 cum

2130 566 2524 622 animatorum
2578 582 2745 621 esum
2788 565 3276 635 condemnentur.
3337 561 3556 615 Vinum
3617 574 3801 630 porro

2133 675 2242 712 non
2293 659 2660 729 approbant:
2715 658 2910 727 ipsum
2962 672 3193 727 quoque
3240 652 3596 708 diabolicum
3662 667 3800 706 esse

2130 748 2375 802 causati:
2412 756 2584 820 atque
2616 746 2747 803 illos
2780 747 2876 817 qui
2911 761 2976 802 eo
3009 749 3274 808 utuntur,
3303 743 3540 813 iniquos
3570 747 3630 797 et
3660 756 3801 811 pec-

2129 841 2355 891 catores
2385 836 2658 892 vocitant.
2693 835 2754 890 In
2789 835 3170 891 sacramentis
3202 832 3455 902 denique
3480 831 3602 886 sola
3634 845 3800 902 aqua

2131 931 2396 981 utuntur.

2442 1017 2722 1074 Haereseos
2751 1015 3109 1087 praecedentis
3139 1013 3463 1083 con/utalia.

2199 1124 2503 1182 Encratitae
2536 1141 2770 1199 quoque
2803 1141 2902 1180 seu
2935 1123 3332 1186 Continentes,
3384 1121 3538 1176 sicut
3587 1136 3789 1192 equus

2129 1219 2185 1269 et
2212 1213 2408 1270 mulus
2435 1215 2648 1291 quibus
2680 1233 2792 1274 non
2827 1224 2910 1271 est
2940 1213 3298 1281 intellectus,
3320 1212 3796 1286 intemperanter

2128 1302 2187 1358 in
2239 1304 2420 1360 Deum
2473 1306 2867 1378 insurgentes,
2920 1303 3036 1359 illis
3086 1308 3368 1375 tanquam
3421 1303 3476 1356 in
3528 1317 3699 1355 camo
3733 1303 3794 1354 et

2129 1394 2291 1448 freno
2342 1395 2829 1466 constringentur,
2891 1409 3022 1465 quae
3079 1393 3362 1447 adversus
3405 1389 3695 1447 Valentini
3731 1392 3798 1443 et

2127 1481 2465 1549 Marcionis,
2511 1499 2736 1539 necnon
2786 1479 3004 1558 Apellis
3065 1485 3122 1536 et
3171 1479 3402 1536 Tatiani
3450 1479 3706 1534 haereses
3758 1493 3797 1532 a

2127 1571 2294 1627 nobis
2329 1572 2581 1629 adducta
2613 1575 2773 1629 sunt.

2797 1677 2947 1733 CAP.
2982 1678 3102 1738 XX.

2131 1786 2396 1843 Vicesima
2425 1786 2670 1851 haeresis,
2724 1783 3153 1855 Cataphrygum,
3184 1783 3281 1855 qui
3327 1786 3375 1836 et
3404 1784 3784 1850 Ianuarium,

2291 1866 2344 1914 et
2376 1857 2784 1926 Tascodrugitae
2805 1854 3093 1914 vocantur.
3136 1855 3203 1912 Hi
3235 1854 3607 1924 baptimntur.

2200 1965 2633 2036 Cataphrygum
2666 1963 2905 2020 heresis
2928 1962 3234 2035 Phrygiam
3259 1961 3632 2034 potissimum
3659 1978 3794 2033 pera

2129 2057 2336 2124 vagata
2367 2058 2474 2110 est.
2507 2057 2687 2111 Vetus
2717 2059 2916 2112 autem
2947 2058 3287 2124 Novumque
3332 2052 3784 2112 Testamentum

2128 2144 2464 2200 admittunt.
2557 2147 2740 2215 Atque
2834 2147 3199 2200 mortuorum
3285 2142 3782 2203 resurrectionem

2127 2233 2495 2291 conﬁtentur.
2575 2233 2860 2291 Caeterum
2930 2232 3204 2290 Montano
3265 2229 3779 2303 pseudopropheta

2128 2323 2379 2393 quodam
2434 2329 2783 2394 praeceptore
2809 2321 3170 2392 gloriantur:
3222 2322 3318 2390 qui
3351 2321 3424 2375 de
3475 2321 3662 2391 seipse
3693 2320 3781 2376 ita

2129 2410 2441 2481 praedicare
2489 2409 2752 2468 solebat:
2817 2411 2936 2482 Ego
2966 2427 3100 2468 sum
3157 2409 3530 2480 ornnipotens
3591 2409 3782 2466 Pater.

2127 2502 2310 2556 Item:
2346 2501 2468 2554 Non
2503 2516 2638 2556 sum
2670 2499 2938 2571 angelus.
2972 2515 3160 2570 neque
3193 2498 3440 2569 legatus,
3492 2500 3592 2554 sed
3631 2503 3786 2555 Deus

2123 2604 2249 2660 ego,
2285 2588 2558 2660 idemque
2590 2589 2754 2649 Pater
2779 2589 2910 2644 veni
2942 2591 3221 2646 mundum
3254 2592 3615 2646 servaturos.
3650 2587 3789 2643 Pro-

2122 2677 2414 2749 phelissas
2430 2694 2599 2748 porro
2623 2677 3128 2741 duas,Priscillam
3149 2682 3209 2732 et
3231 2676 3616 2737 Maximillem
3637 2675 3785 2732 asci,

2122 2771 2330 2825 scunt:
2366 2783 2619 2838 quarum
2671 2767 2993 2828 Maximilla
3024 2767 3116 2824 his
3167 2767 3252 2823 uti
3283 2767 3476 2824 verbis
3523 2783 3781 2824 consue-

2118 2864 2316 2915 verat:
2347 2857 2483 2913 Post
2512 2872 2603 2913 me
2635 2857 2916 2929 propheta
2948 2873 3062 2915 non
3093 2857 3223 2925 erit,
3258 2857 3359 2914 sed
3389 2873 3779 2916 consumma-

2119 2947 2218 3006 tio.
2250 2944 2459 3002 Adhaec
2509 2947 2803 3004 desertum
2835 2946 3097 3019 Phrygia
3144 2947 3360 3017 locum,
3393 2947 3488 3005 eui
3551 2947 3782 3018 Pepuza

2118 3051 2329 3094 nomen
2358 3039 2467 3103 est,
2501 3034 2560 3091 in
2592 3035 2811 3096 honore
2835 3035 3093 3096 habent:
3124 3052 3240 3108 quo
3298 3035 3355 3091 in
3406 3035 3535 3092 loco
3567 3036 3778 3091 civitas

2116 3123 2430 3195 aliquando
2464 3125 2727 3196 fuit,quae
2761 3142 2918 3184 nunc
2956 3125 3146 3182 deleta
3177 3129 3282 3182 est:
3307 3143 3481 3198 quem
3512 3126 3774 3183 caelestis

359 3209 481 3266 illio
531 3209 834 3266 Tatiauum
895 3206 1074 3264 fuisse
1143 3206 1282 3264 dixi.
1333 3205 1548 3260 Eadem
1613 3205 1808 3292 8mm
1863 3199 2002 3292 ΒΨ)-
2044 3225 2085 3292 C
2117 3214 2475 3270 Hierusalem
2506 3216 2757 3286 speciem
2793 3216 3005 3272 referre
3035 3217 3316 3285 dicentes,
3348 3217 3408 3274 in
3440 3234 3510 3272 eo
3541 3222 3767 3289 myste-

359 3298 496 3355 inde
526 3299 770 3369 repetita
799 3297 1052 3354 narratio
1086 3294 1385 3355 fastidium
1418 3293 1575 3352 haud
1607 3291 1784 3352 dubie
1817 3288 2000 3358 parit:

360 3404 465 3444 nec
492 3388 691 3444 minus
716 3386 955 3440 auribus
985 3384 1132 3455 ipsis
1175 3382 1422 3443 molesta
1469 3386 1576 3438 est.
1624 3381 1822 3450 Neque
1871 3394 2001 3439 vero

356 3495 389 3533 a
421 3475 660 3547 reliquis
691 3473 1094 3545 impietatibus
1126 3471 1356 3530 Tatiani
1407 3471 1668 3532 alienum
1700 3475 1808 3538 est,
1845 3468 1998 3540 quod

356 3567 415 3621 in
451 3564 706 3638 mysticis
753 3564 936 3624 sacris
969 3579 1121 3632 aqua
1171 3564 1470 3620 uteretur:
1534 3575 1668 3616 cum
1717 3557 2000 3616 Dominus

356 3654 786 3710 institutionem
839 3668 1006 3712 suam
1055 3649 1222 3723 panis
1264 3653 1319 3712 et
1359 3649 1478 3708 vini
1526 3647 1816 3708 oblatione
1867 3646 2002 3702 deii-

352 3745 545 3812 nierit,
578 3749 637 3799 et
664 3761 732 3800 ex
761 3742 1022 3812 ejusdem
1056 3740 1234 3801 latere
1281 3755 1398 3800 non
1440 3755 1591 3809 aqua
1635 3736 1852 3806 solum,
1896 3737 1997 3798 sed

357 3833 600 3905 sanguis
625 3833 800 3890 etiam
856 3830 938 3886 ita
968 3829 1291 3896 deﬂuxerit,
1345 3831 1409 3884 ut
1437 3833 1621 3888 Deum
1666 3825 2000 3890 nullatenus

354 3923 708 3987 dedecuerit,
744 3924 1126 3993 posteaquam
1159 3921 1214 3978 in
1264 3918 1361 3975 Dei
1411 3917 1594 3978 Patris
1646 3933 1855 3978 manus
1885 3917 2000 3989 spin

353 4013 530 4069 ritum
560 4011 1010 4070 commendavit.

1001 4117 1156 4174 CAP.
1191 4118 1345 4174 XIX.

446 4225 606 4284 Nona
646 4225 861 4283 decima
892 4226 1131 4293 haeresis,
1162 4224 1593 4293 Encratitarum,
1625 4241 1719 4280 seu
1759 4223 1897 4280 Con—

747 4301 1064 4355 tinentium.
1110 4297 1178 4352 Hi
1222 4296 1604 4367 baptizantur.

427 4407 851 4463 Encratitarum
877 4421 1127 4477 quoque,
1152 4421 1252 4461 seu
1277 4403 1713 4460 Continentium
1737 4404 1994 4463 haeresis.

2111 3304 2196 3357 ria
2224 3320 2331 3358 sua
2375 3312 2679 3374 peragunt.
2725 3305 2933 3364 Iisdem
2968 3321 3136 3377 porro
3197 3306 3765 3378 Tascodrugitarum

2108 3393 2215 3448 bac
2247 3393 2317 3449 de
2341 3409 2518 3451 causa
2550 3410 2766 3452 nomen
2814 3394 3069 3452 inditum
3100 3399 3228 3454 est:
3268 3392 3466 3456 tata-ao:
3515 3396 3772 3467 Phrygio

2110 3482 2387 3538 idiomate
2427 3482 2701 3554 paxillus,
2752 3479 2984 3558 δροῦκος
3042 3488 3238 3541 autem
3288 3501 3470 3540 nasus
3521 3485 3766 3548 dicitur,

2109 3570 2383 3632 Solebant
2413 3576 2608 3630 autem
2636 3589 2752 3643 quo
2800 3577 3062 3646 tempore
3110 3578 3291 3630 Deum
3345 3576 3759 3645 precabantur,

2109 3677 2252 3721 naso
2284 3661 2474 3721 medio
2504 3677 2835 3733 supponere
2853 3663 3242 3733 digitum,hoo
3273 3663 3556 3720 nimirum
3590 3664 3757 3736 signa

2107 3766 2171 3808 se
2199 3751 2272 3809 ad
2302 3750 2590 3820 justitiam
2624 3751 2776 3810 ultro
2797 3751 3250 3824 amplexandam
3275 3757 3512 3824 paratos
3538 3771 3662 3812 esse
3683 3755 3754 3810 si-

2106 3840 2472 3912 gniﬁcantes.

2413 3951 2687 4007 Haereseos
2713 3953 3090 4024 praecedentis
3119 3954 3448 4026 conﬂuant).

2177 4059 2317 4112 Cum
2351 4057 2633 4114 Dominus
2661 4063 2719 4115 et
2765 4061 3032 4116 Servatur
3051 4065 3248 4117 noster
3275 4061 3448 4118 Jesus
3482 4062 3755 4120 Christus

2103 4146 2158 4201 in
2183 4146 2506 4216 Evangeliis
2533 4147 2764 4205 dixerit:
2796 4149 2889 4204 Vos
2917 4153 3101 4205 autem
3130 4150 3308 4205 nolite
3335 4154 3525 4209 vocari
3544 4153 3719 4208 Rabbi
3741 4171 3762 4209 :

2103 4253 2249 4290 unus
2277 4241 2357 4291 est
2379 4237 2532 4291 enim
2551 4235 2816 4306 magister
2836 4243 3008 4294 vester
3038 4238 3287 4296 Christus
3303 4239 3368 4295 ἐξ
3403 4258 3540 4296 cum
3575 4241 3758 4302 etiam

2104 4341 2173 4379 ex
2203 4324 2487 4395 apostolis
2518 4323 2694 4380 Paulo
2729 4330 2786 4381 et
2831 4326 3077 4395 Joanne,
3111 4327 3204 4384 hic
3265 4329 3504 4402 quidem
3564 4340 3767 4406 aperte

2104 4414 2280 4476 dicat,
2315 4413 2504 4469 Omnis
2548 4417 2800 4486 spiritus,
2832 4418 2929 4487 qui
2983 4433 3093 4473 non
3121 4419 3413 4488 conﬁtetur
3459 4419 3770 4476 Dominum

357 4498 642 4553 hwl‘CSCOS
695 4495 924 4551 Τᾶῐίᾶηί
972 4497 1367 4567 fragmentum
1436 4499 1546 4550 θεῒ·
1621 4499 1740 4550 ί)υο
1803 4500 1995 4551 autem
2099 4503 2283 4558 Jesum
2316 4503 2591 4558 Christum
2619 4505 2679 4558 in
2737 4521 2910 4561 carne
2938 4509 3150 4562 venisse
3179 4522 3249 4568 ex
3287 4509 3394 4563 Deo
3426 4525 3538 4564 non
3568 4519 3649 4565 est
3673 4509 3764 4569 "z

353 4587 638 4658 principia
664 4587 816 4641 bono
840 4590 951 4640 Deo
983 4584 1249 4658 opposita
1295 4589 1645 4656 proponunt,
1672 4586 1998 4657 'eidemque
2031 4595 2074 4659 Ι)
2108 4591 2206 4648 ille
2237 4596 2432 4647 autem
2479 4593 3105 4664 pseudoapostoiorum
3163 4596 3504 4670 vaniloquia
3533 4615 3766 4655 averse-

351 4676 649 4731 diabolum
705 4674 999 4730 adversari
1047 4673 1294 4728 dicunt:
1331 4691 1445 4729 non
1477 4674 1612 4745 quia
1661 4692 1693 4730 a
1723 4675 1872 4730 bono
1920 4677 1990 4731 ad

350 4762 574 4820 malum
607 4763 920 4819 deﬂexerat
951 4762 1096 4834 (qua:
1119 4761 1416 4817 catholicae
1440 4763 1674 4834 quidem
1723 4763 1994 4820 Ecclesia:

349 4853 642 4910 sententia
670 4853 796 4923 est),
829 4851 929 4908 sed
980 4851 1118 4923 quia
1157 4851 1334 4907 tantis
1374 4851 1594 4907 viribus
1639 4851 1901 4924 polleret,
1934 4861 1994 4908 ut

350 4959 457 4998 suo
494 4943 631 5014 jure
678 4940 966 5013 quidquid
1019 4939 1402 5009 collibuisset,
1453 4941 1509 4996 id
1560 4946 1770 5012 ageret,
1807 4960 1994 5013 neque

350 5033 465 5088 Deo
497 5033 770 5088 subditus
802 5031 1565 5104 obsequeretur.Scripturis
1597 5038 1790 5089 autem
1827 5039 1997 5089 utun-

350 5124 466 5184 tur,
499 5137 647 5192 quas
676 5122 938 5188 Andreae,
995 5118 1234 5175 Joannis
1265 5123 1320 5174 et
1362 5120 1595 5175 Thomas
1652 5123 1795 5177 Acta
1823 5121 1994 5194 vulgo

351 5216 576 5265 vocant:
601 5227 823 5267 necnon
850 5208 1206 5282 quibusdam
1241 5207 1370 5264 aliis
1404 5210 1773 5282 apocryphis,
1807 5211 1995 5283 iisque

351 5296 574 5353 Veteris
603 5300 957 5354 Testamenti
981 5297 1146 5363 locis,
1181 5297 1282 5369 qui
1305 5297 1679 5368 potissimum
1719 5299 1992 5355 arrident.

347 5388 629 5442 Caeterum
663 5389 898 5459 nuptias
940 5391 1138 5458 aperte
1172 5386 1403 5443 diabolo
1463 5388 1764 5444 ascribunt
1820 5395 1998 5463 atque

350 5473 423 5529 ab
456 5475 715 5531 omnium
747 5478 1140 5532 animatorum
1171 5492 1273 5531 esu
1308 5476 1626 5546 abstinent,
1671 5495 1785 5535 non
1817 5484 1997 5538 conti-

2102 4685 2218 4754 tur,
2243 4685 2298 4736 et
2331 4681 2569 4752 pietatis
2605 4681 2878 4738 alumnos
2908 4683 3084 4739 veluti
3147 4686 3472 4755 conﬁrmet,
3509 4703 3581 4741 ne
3614 4688 3764 4759 ipso-

2103 4787 2230 4825 rum
2265 4771 2544 4825 doctrinis
2578 4771 2986 4828 distrahantur
3042 4779 3217 4846 atque
3249 4773 3328 4830 ita
3362 4777 3750 4846 praenuntiat:

2103 4859 2242 4914 Nam
2286 4858 2555 4932 ejusmodi
2583 4861 3023 4932 pseudoapostoli
3053 4849 3180 4918 sunt
3239 4867 3488 4935 aperarii
3517 4866 3764 4932 subdoli,

2105 4949 2562 5018 transﬁgurantes
2608 4965 2752 5005 sem
2810 4952 3080 5022 apostolos
3112 4953 3338 5009 Christi.
3394 4955 3453 5008 Et
3494 4971 3603 5010 non
3649 4959 3762 5010 mi-

2105 5054 2250 5093 rum.
2287 5042 2406 5110 Ipse
2435 5041 2585 5093 enim
2645 5039 2878 5095 Satanas
2909 5042 3276 5113 transﬁgurat
3320 5059 3376 5098 se
3407 5045 3464 5098 in
3497 5046 3759 5117 angelum

2107 5130 2291 5185 lucls‘.
2326 5131 2592 5201 Itemque
2618 5129 2731 5184 alio
2772 5129 2896 5186 loco
2929 5131 3247 5206 praecipiat,
3281 5117 3756 5193 immutationem

2106 5219 2380 5274 doctrinas
2412 5224 2473 5274 et
2504 5219 2638 5275 ﬁdei
2671 5238 2784 5276 non
2821 5237 2949 5277 esse
3001 5224 3426 5280 admittendam
3454 5242 3466 5279 :
3500 5226 3606 5282 Sed
3635 5228 3766 5282 licet

2105 5324 2224 5375 nos,
2258 5317 2352 5365 aut
2390 5310 2618 5380 angelus
2671 5309 2736 5364 de
2776 5311 2911 5366 carlo
2949 5314 3286 5381 evangelia/et
3318 5313 3467 5370 vobis
3521 5323 3768 5387 praeter-

2105 5413 2278 5468 quam
2335 5397 2476 5469 quod
2533 5399 2981 5469 evangelizamus
3037 5402 3205 5470 vobis,
3264 5405 3564 5460 anathema
3610 5405 3687 5459 sit
3719 5407 3762 5462 ³.

2107 5486 2271 5555 Quis,
2306 5503 2520 5558 quaeso,
2580 5488 2790 5559 pietate
2844 5493 2963 5544 tam
3014 5489 3293 5548 imbecilli
3351 5499 3456 5568 est,
3520 5499 3760 5568 tamque

421 5625 468 5662 9³
499 5623 704 5683 Matth.
737 5640 816 5692 χι,
854 5626 906 5680 8.
985 5627 1034 5662 99
1064 5628 1114 5682 II
1145 5626 1314 5683 Joan.
1349 5645 1436 5696 1v,
1461 5633 1514 5684 2.
1594 5629 1613 5664 ί
1644 5632 1696 5686 Il
1731 5635 1856 5691 Cor.
1891 5639 1954 5703 ll,
1990 5639 2007 5692 1

2121 5641 2171 5695 ι.
2251 5642 2273 5676 8
2301 5639 2427 5696 ua.
2456 5656 2498 5711 ι,
2525 5641 2583 5694 s.
