4090 6192
314 310 473 371 1285

305 636 445 676 cum
471 621 738 679 Christus
784 623 1039 681 Hebraeis
1087 625 1320 697 dixerit,
1375 631 1760 693 Testimonium
1781 652 1964 695 meum

305 725 420 767 non
448 718 529 767 est
579 729 781 780 meum,
837 715 937 770 sed
996 716 1163 772 Pater
1191 724 1292 784 est,
1313 719 1411 792 qui
1449 724 1824 782 testimonium
1846 728 1963 796 fert

303 800 374 856 de
405 818 494 857 me
521 802 566 873 ³,
600 819 672 858 ne
729 803 860 874 quis
893 805 1158 862 omnium
1218 808 1556 868 Montanum
1606 830 1742 871 vera
1771 815 1964 875 dicere

308 896 596 963 autumet,
629 894 728 964 qui
759 893 830 950 de
880 895 1076 968 seipso
1121 898 1525 958 testimonium
1563 903 1747 962 ferat:
1784 905 1962 976 idque

304 981 622 1051 ejusmodi,
657 988 722 1039 ut
752 1001 867 1041 non
922 984 992 1041 de
1022 986 1195 1044 rebus
1238 989 1595 1060 quibusdam
1648 994 1963 1051 mediocri-

300 1069 414 1126 bus
448 1073 842 1130 narrationem
864 1073 1158 1148 instituat,
1184 1078 1286 1135 sed
1312 1079 1481 1137 illum
1505 1085 1735 1141 Patrem
1768 1083 1960 1140 omni-

300 1164 600 1230 potentem
633 1162 1117 1236 Servatoremque
1145 1168 1509 1239 pronuntiet.

376 1249 481 1306 Hic
512 1251 689 1307 dubio
723 1252 923 1323 procul
984 1254 1223 1312 interest
1274 1256 1528 1329 maligno
1572 1260 1780 1330 spiritu
1813 1277 1960 1332 prm-

302 1339 595 1407 tumidus,
648 1342 747 1412 qui
816 1344 991 1415 paulo
1050 1350 1180 1415 post
1237 1348 1790 1406 vacuusinventus
1847 1354 1959 1428 est,

306 1429 808 1499 quemadmodum
840 1432 1013 1489 etiam
1072 1434 1200 1490 duae
1253 1435 1519 1504 ejusdem
1553 1437 1956 1509 prophetissa.

307 1517 454 1573 Cum
488 1518 641 1574 enim
671 1520 899 1578 nullum
956 1527 1088 1594 post
1128 1540 1192 1580 se
1240 1524 1583 1595 prophetam
1625 1531 1956 1597 venturum,

309 1609 412 1663 sed
446 1607 509 1664 in
565 1608 790 1667 foribus
828 1628 958 1668 esse
999 1614 1565 1673 consummationem
1617 1618 1955 1689 praedicant,

302 1697 454 1753 falsa
482 1706 538 1753 et
567 1715 666 1770 per
725 1716 789 1756 se
845 1702 1287 1773 reprehensioni
1315 1706 1567 1762 obnoxia
1622 1723 1773 1774 sese,
1813 1708 1955 1766 dum

300 1785 575 1842 Montano
631 1789 947 1857 adhaerent,
1002 1808 1102 1848 ore
1151 1794 1382 1865 proprio
1432 1795 1778 1854 vaticinatas
1819 1812 1949 1855 esse

296 1961 621 2020 inferorum
653 1967 962 2024 tormentis
1014 1970 1287 2042 exposita
1319 1977 1497 2042 sunt;
1548 1974 1804 2033 mundus
1845 1992 1952 2033 au-

298 2055 418 2108 tem
458 2055 630 2111 durat
658 2059 715 2112 et
736 2058 1064 2115 etiamnum
1091 2060 1337 2132 proprias
1368 2062 1493 2135 Dei,
1528 2063 1629 2135 qui
1660 2068 1752 2122 est
1782 2080 1956 2136 super

300 2147 522 2213 omnia,
553 2146 828 2216 potestati
860 2148 1143 2219 subjacet.

967 2274 1118 2333 CAP.
1152 2275 1300 2334 XXI.

314 2395 578 2479 Vicesima
631 2402 815 2479 prima
872 2402 1116 2479 haeresis,
1175 2404 1675 2479 Quintilianomm,
1717 2407 1949 2467 Priscil-

379 2467 680 2597 lz'tnnontun,
744 2467 1136 2546 Pepusitaruin
1188 2467 1238 2531 ἐι
1274 2467 1680 2555 Αντοιῃτανιιπί.
1728 2481 1810 2535 Hi
1863 2480 1952 2536 ba-

371 2556 405 2610 p
436 2556 564 2597 nan
597 2560 683 2599 ur.

370 2663 711 2733 Quintiliani
778 2667 839 2722 hi
899 2670 1577 2745 pseudoprophetissam,
1641 2691 1758 2733 una
1812 2691 1947 2732 cum

290 2753 558 2810 Priscilla
584 2755 871 2814 haereseos
925 2776 1044 2816 suae
1085 2760 1292 2819 ducem
1340 2762 1588 2835 jactant.
1631 2764 1811 2823 Aiunt
1840 2782 1948 2822 au-

289 2849 409 2899 tem
440 2843 698 2915 ipsarum
759 2864 936 2904 unam
978 2849 1037 2904 in
1086 2848 1235 2921 loco,
1295 2852 1394 2923 qui
1426 2852 1655 2924 Pepusa
1706 2851 1944 2926 dicitur,

290 2932 604 3003 dormisse,
663 2934 1081 3011 Christumque
1139 2939 1198 2995 in
1254 2940 1480 2999 somnis
1530 2941 1770 3014 vidisse,
1818 2960 1942 3001 mu-

289 3020 460 3077 liebri
485 3022 702 3095 habitu,
733 3025 883 3083 stola
912 3026 1221 3099 splendida
1253 3029 1547 3101 indulum,
1596 3049 1712 3089 una
1742 3048 1941 3089 secum

292 3114 589 3169 versatum
630 3129 778 3189 esse,
809 3120 866 3172 et
885 3132 1162 3175 somnum
1196 3118 1441 3192 cepisse,
1468 3120 1816 3193 sapientiam
1840 3122 1939 3178 de-

288 3199 467 3271 nique
480 3201 590 3257 sibi
612 3201 929 3276 inspirasse
954 3223 969 3273 ;
1002 3212 1175 3281 atque
1194 3207 1478 3267 revelasse
1501 3225 1676 3282 quam
1694 3215 1936 3269 sanctus
1967 3204 2010 3275 α

286 3288 387 3347 ille
417 3288 581 3347 locus
593 3301 763 3348 esset.
788 3297 1067 3355 Craterum
1090 3296 1278 3355 Veteri
1296 3302 1351 3354 et
1374 3298 1532 3355 Novo
1556 3303 1936 3359 Testamento

288 3383 552 3451 utuntur,
571 3386 1053 3457 mortuorumque
1080 3387 1570 3447 resurrectionem
1590 3388 1932 3449 admittunt.

282 3465 558 3526 Mulieres
613 3475 811 3529 autem
863 3472 925 3529 in
985 3475 1291 3548 episcopos
1340 3478 1400 3533 et
1452 3477 1817 3551 presbyteros
1862 3479 1934 3538 ab

280 3554 401 3613 illis
442 3556 761 3631 eliguntur.
795 3560 975 3617 Aiunt
1022 3564 1202 3633 enim,
1256 3564 1314 3621 in
1363 3563 1599 3625 Christo
1643 3565 1785 3625 Jesu
1831 3582 1934 3624 nec

280 3647 631 3717 masculum,
677 3666 781 3711 nec
832 3651 1109 3709 feminam
1168 3669 1317 3713 esse.
1370 3655 1702 3729 Artotyritaa
1760 3673 1931 3733 porro

276 3740 581 3808 vocantur,
641 3740 780 3811 quia
831 3758 1041 3813 panem
1092 3748 1149 3799 et
1198 3760 1434 3804 caseum
1495 3746 1616 3801 suis
1667 3746 1929 3821 ipsorum

279 3828 664 3884 sacramentis
705 3829 1017 3889 adhibent:
1080 3829 1245 3908 ἄρτος
1272 3835 1427 3891 enim
1485 3836 1703 3894 Gracia
1760 3837 1930 3909 panis

280 3919 388 3985 est,
417 3923 471 3971 et
490 3916 652 3989 τυρός
682 3935 910 3977 caseus.
944 3921 1153 3978 Fertur
1184 3923 1426 3995 insuper
1469 3923 1749 3997 quiddam
1771 3923 1927 3981 aliud

279 4003 471 4077 magis
503 4004 747 4079 impium
800 4010 952 4081 apud
988 4009 1120 4068 illos
1151 4012 1298 4068 ﬁeri.
1361 4012 1611 4070 Puerum
1642 4013 1792 4070 enim
1827 4030 1927 4087 ap-

275 4092 464 4165 prime
484 4094 762 4165 juvenem
812 4099 1066 4169 quodam
1123 4098 1215 4156 die
1246 4100 1391 4157 festo
1440 4116 1542 4172 per
1568 4116 1772 4159 omnes
1802 4117 1926 4158 cor-

276 4184 439 4254 poris
469 4189 663 4257 partes
694 4186 920 4245 subulis
968 4193 1267 4263 pungunt,
1306 4196 1429 4245 tum
1480 4191 1608 4262 eius
1639 4190 1927 4265 sanguine

274 4269 527 4330 iarinam
558 4276 873 4347 pinsuntet
894 4277 1203 4351 subigunt,
1234 4278 1596 4353 tandemque
1632 4279 1926 4343 oblatione

271 4360 413 4418 inde
442 4362 589 4421 facta
611 4367 1069 4424 communicant.

593 4506 871 4566 Haereseos
896 4510 1260 4582 praecedentis
1287 4513 1611 4582 con/utalia.

342 4646 620 4720 Figulinas
654 4653 918 4722 ejusdem
953 4672 1085 4714 cum
1114 4657 1577 4728 praecedentibus
1597 4656 1659 4715 hi
1688 4673 1921 4730 quoque

268 4744 433 4805 sunt,
466 4738 582 4797 imo
610 4758 745 4796 vero
778 4760 1059 4815 perversis
1092 4744 1251 4801 illius
1282 4746 1669 4816 satanicseque
1701 4746 1919 4802 doctri-

267 4842 362 4883 nm
391 4844 455 4882 ac
505 4831 858 4889 traditionis.
886 4834 1029 4899 Quia
1072 4850 1206 4892 vero
1255 4851 1452 4892 rerum
1499 4835 1834 4891 immutatio
1866 4840 1922 4891 et

264 4915 568 4975 innovatis
601 4936 903 4994 nunquam
934 4940 1051 4981 non
1082 4924 1373 4983 haereticis
1392 4924 1633 4995 arridet,
1673 4940 1917 4983 eorum-t

267 5020 385 5077 que
414 5006 577 5073 adeo,
612 5024 742 5080 quae
771 5010 1060 5067 deteriora
1097 5016 1262 5084 sunt,
1301 5013 1534 5086 copiam
1565 5011 1918 5069 insolentius

264 5094 379 5153 sibi
426 5094 759 5169 vindicant,
818 5099 911 5156 his
960 5117 1193 5176 quoque
1252 5102 1510 5175 vestigiis
1568 5101 1918 5161 inberentes

259 5185 594 5255 Artotyritas
626 5189 879 5249 feminas
909 5191 1086 5249 etiam
1120 5192 1194 5249 ad
1230 5190 1641 5264 episwpol‘um
1677 5191 1916 5265 PPBSbY'

256 5275 644 5348 terer-umque
699 5279 1013 5339 cathedras
1070 5280 1345 5351 evehunt,
1393 5288 1566 5352 atque
1615 5280 1732 5337 illis
1784 5296 1916 5353 per-

257 5363 529 5431 mittunt,
565 5378 627 5421 ut
681 5384 809 5438 qua
845 5371 997 5443 apud
1040 5387 1142 5429 eos
1190 5370 1562 5431 celebrantur
1613 5370 1915 5447 mysteria,

255 5453 531 5509 manibus
556 5459 885 5516 sttrsctent.
916 5460 983 5519 In
1017 5462 1190 5533 cujus
1213 5460 1293 5518 rei
1320 5458 1704 5519 assertionem
1750 5459 1915 5517 Pauli

1652 320 2050 390 THESAURI
2095 329 2241 394 LIB.
2289 330 2392 397 ιν.

3588 357 3740 419 1286

2072 759 2153 809 est
2181 753 2420 820 Iudaeas,
2483 772 2657 829 neque
2705 760 2966 826 (haecne:
3034 784 3143 825 non
3189 780 3271 829 est
3313 789 3522 842 servus,
3554 794 3732 850 neque

2070 842 2231 912 liber,
2262 858 2373 899 non
2409 851 2489 913 est
2518 850 2818 917 mantus.
2862 870 3038 927 neque
3066 859 3297 927 femina.
3352 863 3547 923 Omne:
3577 842 3727 926 enim

2066 947 2157 989 vos
2183 949 2361 991 unum
2396 937 2528 992 estis
2558 938 2617 993 in
2639 938 2854 999 Christo
2876 944 3023 1005 leui.
3057 947 3121 1003 Si
3149 954 3339 1013 autem
3367 969 3460 1010 vos
3494 956 3723 1027 Christi,

2068 1037 2197 1091 ergo
2246 1039 2431 1081 semen
2485 1027 2724 1087 Abrahae
2752 1038 2903 1106 satis,
2955 1039 3256 1098 secundum
3302 1048 3721 1113 promz's.»ionem

2069 1112 2389 1207 inaniter“.
2423 1120 2498 1175 At
2528 1117 2674 1176 falso
2697 1120 2939 1183 Paulum
2963 1127 3144 1187 citare
3169 1112 3592 1205 coarguuntur,
3616 1138 3717 1207 qui

2068 1199 2162 1256 his
2188 1202 2377 1292 verbis
2435 1219 2806 1277 nequaquam
2855 1213 3203 1274 mulieribus
3252 1199 3336 1281 ea_
3361 1199 3711 1292 pertrectare
3789 1235 3794 1239 '

2067 1290 2370 1360 permittit,
2402 1309 2530 1363 quis
2578 1296 2720 1355 viris
2766 1303 3158 1366 conveniunt:
3188 1312 3245 1369 et
3294 1290 3710 1383 eaimprimis,

2067 1394 2189 1450 qum
2222 1382 2509 1452 mysteriis
2575 1392 2802 1449 scatent
2851 1392 3159 1467 vivamque
3216 1382 3493 1459 docentis
3515 1382 3713 1463 vocem

2066 1468 2412 1541 requirunt:
2498 1472 2618 1533 imo
2695 1493 2826 1537 vero
2881 1498 2986 1541 nos
3088 1501 3205 1545 non
3274 1488 3523 1561 amplius
3604 1494 3717 1550 sub

2066 1556 2212 1650 lege,
2246 1566 2530 1650 tanquam
2576 1566 2892 1639 padagogo
2937 1586 3088 1642 esse,
3117 1575 3219 1629 sed
3253 1592 3322 1633 ex
3352 1556 3466 1635 tida
3490 1582 3713 1650 justiﬁ—

2064 1647 2208 1715 csri,
2246 1646 2458 1717 Deique
2489 1649 2641 1707 ﬁlios
2694 1658 2814 1711 tam
2847 1672 3041 1717 mares
3072 1677 3256 1731 quum
3310 1646 3558 1725 {amicas
3587 1685 3719 1727 esse

2065 1735 2234 1826 docet
2257 1739 2433 1807 atque
2493 1739 2789 1812 praedicat,
2849 1746 3305 1821 universumque
3353 1754 3498 1811 adeo
3528 1772 3715 1826 genus

1981 1840 2026 1906 Β
2066 1824 2418 1893 humanum,
2453 1826 2776 1891 dummodo
2808 1832 3110 1895 Christum
3144 1839 3370 1901 lavacro
3393 1824 3716 1914 baptisma-
3796 1902 3807 1907 -

298 1873 710 1980 prpdiderunt.
740 1877 859 1932 Illss
889 1878 1048 1980 enim
1067 1879 1426 1980 jampridem
1456 1884 1748 1980 obierunt,
1772 1890 1948 1956 atque
1981 1873 2026 1906 ⁸⁷
2063 1873 2559 1980 {5,33,};

2568 1918 2778 1988 primis
2808 1928 3007 1985 autem
3028 1943 3160 1987 cum
3192 1929 3277 1985 sic
3314 1932 3429 1991 alio
3461 1934 3716 2004 quodam

2057 2002 2184 2059 loco
2239 2002 2615 2065 exhortatur:
2675 2009 3000 2071 Mutieribm
3049 2017 3246 2076 docere
3276 2036 3390 2079 non
3417 2002 3713 2090 permitto;

2056 2094 2151 2148 sed
2172 2092 2323 2148 domi
2340 2092 2487 2151 viro:
2531 2112 2653 2157 suos
2683 2101 3043 2173 interrogent.
3090 2106 3145 2161 si
3170 2122 3280 2177 qua
3308 2123 3368 2165 re
3403 2111 3479 2167 sit
3506 2125 3640 2182 opus
3664 2111 3705 2167 ⁵.

2057 2185 2224 2250 Item,
2259 2181 2354 2238 Vos
2390 2182 2503 2252 ipsi
2522 2185 2797 2255 iudicate.
2852 2191 3015 2249 Decet
3061 2196 3352 2253 mulierem
3409 2181 3704 2262 noueris-

2055 2277 2176 2327 tam
2207 2287 2371 2330 orare
2397 2273 2572 2331 Deum
2601 2276 2671 2332 6?
2726 2277 2859 2339 Jam
2888 2279 2941 2339 si
2999 2281 3157 2342 nullo
3196 2285 3371 2344 modo
3415 2290 3709 2361 convenit,

2057 2367 2403 2437 naturaeque
2447 2366 2675 2439 legibus
2725 2370 3086 2440 adversatur,
3138 2382 3197 2428 ut
3231 2374 3446 2435 femina
3485 2382 3701 2439 retecto

2056 2454 2243 2525 capite
2274 2461 2400 2512 oret
2420 2457 2532 2528 (vir
2579 2457 2734 2513 enim
2760 2458 2808 2516 si
2859 2476 3085 2517 comam
3111 2463 3350 2533 nutriat,
3385 2465 3708 2537 ignominia

2055 2552 2141 2598 est
2164 2543 2269 2612 illi,
2297 2544 2508 2602 mulier
2540 2552 2735 2603 autem
2767 2546 2817 2604 si
2848 2566 3077 2607 comam
3126 2553 3370 2623 nutriat,
3401 2554 3588 2627 gloria
3618 2561 3708 2614 est

2052 2631 2158 2704 illi)
2181 2635 2452 2704 quoniam
2490 2650 2661 2692 coma
2710 2636 2797 2692 illi
2845 2638 3161 2697 velamenti
3192 2642 3316 2699 loco
3346 2644 3486 2701 data
3514 2650 3625 2716 est,
3658 2646 3708 2703 si

2055 2724 2332 2795 mysteria
2380 2728 2609 2792 tractet,
2644 2726 2902 2799 denique
2959 2730 3031 2785 ad
3090 2730 3273 2789 altare
3315 2732 3414 2789 Dei
3462 2735 3706 2809 propius

2052 2814 2307 2884 accedat,
2339 2819 2627 2886 quantum
2654 2816 2846 2872 scelus
2878 2817 3119 2875 molitur
3141 2822 3169 2878 ?

2121 2904 2453 2976 Artotyritai
2510 2908 2704 2961 autem
2737 2909 2794 2962 et
2843 2911 3044 2975 Deum,
3104 2914 3160 2966 et
3214 2911 3519 2970 salutifera
3565 2915 3699 2987 ejus

2052 2996 2337 3063 praecepta
2366 2992 2727 3065 ignorantes,
2757 2995 3054 3053 Christum
3077 3002 3136 3054 et
3180 3000 3422 3058 Paulum
3475 3002 3696 3061 calum-

2051 3078 2326 3138 niantur:
2361 3081 2524 3138 illum
2580 3083 2846 3154 quidem,
2877 3086 3020 3158 quia
3068 3086 3339 3145 muliebri
3388 3090 3591 3147 habitu
3623 3095 3697 3149 ad

2048 3184 2290 3226 suarum
2324 3171 2825 3243 prophetissarum
2886 3192 3061 3233 unam
3096 3179 3441 3248 accessisse,
3473 3198 3608 3239 cum
3630 3200 3701 3240 ea

2046 3257 2413 3329 dormivisse,
2447 3262 2795 3333 sapientiam
2823 3264 3079 3336 denique
3109 3272 3166 3323 et
3196 3268 3520 3326 futurorum
3551 3288 3701 3345 prae-

2042 3348 2341 3407 notionem
2376 3350 2429 3406 ei
2458 3350 2760 3409 instilasse
2805 3354 3035 3411 dicunt.
3066 3356 3230 3414 Hunc
3260 3374 3417 3431 vero,
3440 3361 3543 3432 qui
3574 3377 3697 3419 ma-

2039 3450 2189 3506 gnus
2218 3437 2381 3494 orbis
2423 3455 2612 3509 praeco
2649 3441 2780 3512 jure
2815 3447 3113 3514 censetur,
3160 3446 3300 3517 quia
3330 3448 3581 3517 perversi
3607 3450 3699 3505 di-

2038 3524 2309 3582 vinorum
2340 3528 2471 3598 ejus
2508 3530 2851 3602 dogmatum
2900 3534 3269 3607 interpretes,
3316 3537 3549 3595 feminis
3580 3556 3696 3596 non

2038 3630 2209 3671 secus
2269 3619 2445 3687 atque
2475 3617 2617 3675 viris
2674 3636 2840 3678 sacra
2898 3626 3312 3683 contrectanda
3353 3626 3693 3697 permisisse

2040 3704 2407 3761 mentiuntur
2435 3706 2829 3778 impudenter.

2109 3794 2269 3860 Quod
2297 3795 2369 3850 ad
2417 3793 2757 3874 προσφορᾶςιν,
2790 3799 2898 3855 hoc
2929 3804 3019 3855 est
3076 3802 3379 3873 mysticam
3421 3804 3692 3860 sacriﬁcii

2038 3882 2397 3940 oblationem
2456 3886 2725 3955 pertinet,
2795 3905 2973 3958 quam
3026 3889 3112 3945 illi
3191 3891 3505 3961 celebrant,
3560 3909 3694 3950 eam

2035 3970 2225 4042 ipsam
2274 3987 2407 4029 esse
2438 3979 2795 4045 puto,qusm
2845 3977 2933 4033 vel
2984 3978 3113 4048 ejus
3141 3983 3364 4050 auctor,
3420 3985 3481 4037 et
3526 3982 3693 4054 impii

2036 4060 2189 4116 sacri
2219 4060 2438 4131 praeui
2473 4061 2765 4129 diabolus,
2797 4068 3081 4137 tanquam
3113 4068 3362 4129 maxime
3384 4069 3689 4143 nefariam,

2036 4149 2387 4207 detestetur.

2683 4270 2835 4327 CAP.
2870 4271 3043 4329 XXII.

2046 4374 2333 4431 Vicesz’ma
2362 4377 2610 4449 secunda
2639 4377 2885 4449 heresis,
2922 4383 3563 4442 Tessaresdecatistnrum
3592 4404 3691 4444 seu

2155 4448 2888 4518 Quartodecimanorumﬂi
2907 4462 3190 4523 unguento
3212 4458 3581 4528 intinguntur.

1955 4576 2002 4642 Β
2107 4562 2371 4636 Reliquis
2401 4565 2458 4620 in
2494 4567 2670 4623 rebus
2715 4570 3226 4634 Quartodecimam
3259 4590 3438 4646 prope
3462 4574 3688 4643 ﬁdeles,

2031 4650 2090 4708 in
2117 4652 2350 4711 Paschae
2385 4654 2529 4710 festo
2552 4655 2863 4725 judaizant
2908 4660 3042 4733 (46).
3076 4660 3190 4718 Nec
3220 4661 3374 4721 enim
3408 4661 3549 4718 illud
3593 4662 3687 4717 die

2031 4740 2337 4803 Dominico
2362 4743 2680 4816 celebrant,
2710 4748 2811 4803 sed
2862 4765 3213 4822 quocunque
3244 4751 3688 4827 decimaquarta

2034 4831 2188 4891 lunai
2220 4832 2344 4895 dies
2399 4833 2692 4905 inciderit,
2728 4839 2833 4894 hoc
2862 4838 3007 4911 legis
3057 4840 3292 4898 oraculo
3324 4842 3475 4912 freti,
3509 4842 3681 4897 Male-

2030 4922 2222 4982 dictus
2254 4924 2467 4995 omnis,
2522 4927 2621 4997 qui
2664 4942 2776 4981 non
2826 4927 2997 4987 faciet
3042 4929 3269 4987 Pascha
3318 4930 3410 4985 die
3462 4929 3686 4984 decima

2029 5017 2235 5085 quarta
2271 5014 2510 5083 mensis,
2545 5015 2922 5091 dicentesque
2948 5019 3230 5081 Joannem
3265 5017 3592 5092 apostolum
3626 5022 3682 5074 et

2026 5103 2444 5175 evangelistam
2480 5107 2778 5162 auctorem
2812 5106 3018 5177 fuisse,
3064 5113 3127 5165 ut
3149 5107 3371 5165 Pascha
3402 5106 3496 5165 die
3526 5106 3677 5162 lunae

2028 5190 2256 5251 decima
2310 5195 2513 5264 quarta
2571 5192 2909 5255 celebretur.
2973 5198 3222 5273 Insuper
3278 5194 3674 5270 apostolorum

2027 5282 2270 5342 Actibus
2320 5285 2590 5353 utuntur,
2655 5284 2753 5357 qui
2820 5286 3048 5342 erronei
3105 5285 3281 5357 vulgo
3339 5290 3672 5343 censentur.

2026 5367 2274 5439 aliisque
2303 5372 2578 5440 praeterea
2627 5368 2793 5427 libris
2834 5371 3184 5451 illegitimis,
3237 5390 3384 5448 quos
3432 5389 3675 5449 apocry-

2026 5457 2175 5535 pboe
2208 5456 2416 5533 vulgus
2447 5469 2632 5521 vocat.

324 5549 349 5584 ³
386 5555 561 5608 Joan.
590 5570 642 5625 v,
672 5556 762 5625 31,
784 5558 872 5612 32.
950 5566 970 5599 ι
1000 5557 1128 5614 Gal.
1163 5575 1249 5627 ιιι,
1279 5559 1352 5614 26
1388 5571 1553 5631 seqq.
1628 5557 1653 5591 ⁵
1689 5557 1713 5613 I
1743 5557 1871 5615 Cor.
1904 5576 1939 5614 χ

2053 5559 2144 5614 35.
2222 5556 2245 5591 ⁸
2277 5557 2293 5613 l
2325 5557 2454 5615 Cor.
2487 5575 2568 5626 xI,
2594 5561 2681 5615 13.

328 5647 454 5728 (46)
484 5648 698 5712 Euseb.
732 5652 884 5714 hist.
918 5654 1019 5712 lib.
1054 5672 1114 5726 ν,
1147 5672 1197 5714 c.
1227 5655 1319 5712 22.
1356 5654 1535 5713 Exod.
1565 5658 1666 5714 ιιι.
