4090 6192
398 352 425 407 1
439 347 554 406 287

737 477 1025 535 Theodori
1055 475 1390 532 Sculariotaa
1412 472 1698 528 scholion.

470 593 759 647 Honestum
790 603 998 659 quoque
1054 591 1204 656 puto,
1240 586 1289 640 si
1346 581 1833 650 Quartodecimani
1863 579 2044 648 bapti-

391 691 608 737 zentur.
641 676 1095 750 Quandoquidem
1124 691 1192 728 ne
1246 673 1630 744 presbyterum
1681 669 1896 741 quidem
1943 667 2044 722 ha—

400 773 545 842 bent,
604 772 700 842 qui
748 769 1006 839 baptismi
1053 770 1476 820 sacramentum
1527 761 1900 824 administret,
1950 757 2047 810 ubi

395 864 542 915 cnim
572 860 653 914 vel
692 859 914 913 nomine
942 857 1053 910 solo
1074 851 1400 924 episcopus?
1457 848 1775 922 Quinetiam
1821 847 2044 902 illorum

396 949 714 1019 sacerdotes,
749 947 845 1018 qui
874 947 1090 1014 generis
1138 941 1361 999 Iudaici
1389 949 1536 1006 sunt,
1568 954 1666 993 nec
1707 937 2046 1005 sacriﬁcium

394 1056 493 1096 nec
521 1055 734 1095 omnem
763 1038 1131 1107 Scripturam,
1162 1050 1260 1088 nec
1288 1032 1476 1087 omnia
1531 1030 1903 1098 hagiograpna
1945 1024 2044 1078 ad-

395 1136 647 1184 mittunt.
706 1127 936 1183 Joannis
993 1123 1230 1194 apostoli
1297 1120 1656 1190 Evangelium
1712 1123 1767 1171 et
1833 1113 2042 1169 intelli-

394 1220 603 1288 gentes‘
635 1221 696 1271 ut
721 1231 907 1270 omnes
929 1229 1090 1285 porro
1113 1220 1430 1267 sanctorum
1458 1209 1683 1265 nomine
1713 1205 2040 1275 dignantur.

398 1312 582 1378 Opera
635 1305 913 1375 reficiunt.
973 1304 1304 1357 Sanctorum
1359 1295 1803 1353 communionem
1827 1293 2040 1347 nullam

397 1399 680 1451 noverunt.
729 1393 1134 1460 Bogomilorum
1192 1387 1594 1460 improbitatem
1648 1385 2041 1454 exsequuntur,

393 1487 522 1541 etin
555 1484 852 1553 eiusdem.)
881 1482 942 1537 Si
1003 1479 1529 1536 Tessaresdecatistw
1576 1475 1744 1529 iidem
1776 1473 1890 1527 sint
1917 1487 2044 1525 cum

394 1573 540 1641 illis,
577 1575 673 1644 qui
710 1571 1008 1627 Tetradilaz
1025 1586 1121 1624 seu
1143 1568 1500 1635 Quaternarii
1523 1565 1804 1627 dicuntur,
1827 1569 1886 1614 ut
1908 1561 2042 1613 aliis

394 1665 592 1734 placet,
625 1663 823 1727 multa,
877 1676 905 1714 o
938 1661 1145 1723 Νίσαια,
1217 1660 1266 1710 te
1299 1654 1530 1709 illorum
1562 1653 1827 1706 haereseos
1859 1649 2043 1719 capita

395 1754 602 1808 latent:
629 1750 1106 1822 quemadmodum
1132 1763 1246 1817 ipse
1267 1750 1384 1799 tum
1405 1743 1684 1811 perspexi,
1704 1758 1828 1796 cum
1859 1741 1922 1794 in
1947 1740 2040 1793 ho-

1721 333 2031 394 NICETE
2072 333 2489 393 CHONIATE

2079 476 2132 540 Α
2163 468 2527 542 pragmatica
2585 485 2687 524 seu
2713 468 2796 524 rei
2849 471 3022 539 gestae
3073 467 3608 533 commemorativa,
3655 483 3827 539 aeque

3661 333 3823 393 1288

2158 558 2411 630 polleant
2434 557 2577 631 (illic
2617 559 2769 614 enim
2805 565 2859 613 et
2902 557 2997 612 hic
3029 573 3240 628 corpus
3271 560 3326 611 et
3360 557 3604 625 sanguis
3643 557 3823 611 Chri-

2155 648 2229 702 sti
2260 663 2390 702 vere
2421 648 2616 718 inest),
2679 648 2908 719 proprie
2942 656 3130 702 tamen
3186 646 3409 700 Pascha:
3443 648 3661 700 festum
3700 645 3827 699 dici

2155 737 2464 792 Dominicis
2522 737 2968 792 resurrectionis
3023 737 3422 806 adjndicatur:
3487 735 3661 806 eique
3709 753 3824 806 po-

2152 826 2290 895 tius,
2327 843 2501 898 quam
2535 844 2786 898 vesperae
2805 827 3026 898 quinta
3059 826 3209 880 feria:
3238 842 3447 879 nomen
3466 824 3832 893 hujusmodi

2153 915 2442 983 convenit,
2472 921 2530 970 et
2570 920 2849 986 tanquam
2894 920 3097 970 mutuo
3155 915 3437 970 succedit.
3500 915 3826 983 Caeterum,

2155 1012 2210 1059 ut
2247 1005 2508 1076 apertius
2540 1007 2846 1077 explicem,
2882 1022 3062 1061 unum
3098 1011 3152 1059 et
3201 1007 3469 1060 eumdem
3507 1005 3820 1060 Christum

2153 1095 2559 1164 praesumptive
2581 1101 2637 1149 et
2692 1095 3202 1151 commemorative
3262 1101 3561 1149 mortuum
3599 1111 3731 1149 esse
3761 1100 3826 1149 et

2153 1183 2559 1249 resurrexisse,
2647 1187 3059 1256 praesumptive
3131 1185 3366 1254 quidem
3425 1185 3536 1237 sub
3589 1184 3821 1253 quinta:

2152 1273 2306 1328 feriae
2366 1291 2688 1344 vesperam,
2763 1292 2897 1330 cum
2953 1275 3148 1329 divina
3209 1275 3486 1346 mysteria
3540 1276 3821 1328 instituta

2151 1367 2312 1429 sunt,
2365 1365 2878 1419 commemorative
2961 1369 3154 1420 autem
3199 1365 3292 1418 die
3361 1364 3824 1419 resurrectionis

2150 1452 2415 1520 ejusdem
2477 1469 2602 1524 quae
2635 1454 2803 1509 tertio
2882 1460 3010 1526 post
3060 1455 3153 1510 die
3204 1455 3348 1508 facta
3399 1460 3508 1518 est,
3562 1456 3828 1522 exempli

2150 1540 2341 1610 gratia
2374 1541 2430 1594 in
2466 1543 2722 1598 medium
2758 1544 3042 1614 proferam
3076 1543 3195 1610 illa,
3223 1561 3351 1614 qua:
3385 1543 3440 1596 in
3489 1545 3824 1613 baptisma-

2150 1628 2224 1682 tis
2257 1632 2685 1700 regeneratione
2739 1633 2908 1688 ﬁunt.
2941 1633 3024 1689 lbi
3055 1634 3210 1689 enim
3254 1635 3353 1704 qui
3387 1633 3820 1704 redemptionis

2149 1735 2302 1788 aqua
2337 1719 2686 1790 lustrantur,
2744 1738 2876 1776 vere
2907 1722 3277 1794 sepeliuntur
3330 1739 3576 1794 vereque
3609 1740 3820 1778 resur-

394 1858 518 1896 rum
565 1809 841 1895 librorum
898 1809 1183 1892 lectionem
1236 1809 1490 1905 frequens
1536 1809 1877 1895 incidissem,
1940 1843 2042 1899 quo
2072 1849 2118 1910 B
2148 1809 2424 1910 Emi-.530
2456 1809 2609 1910 θηίξξι
2647 1811 2802 1881 (10οά
2822 1817 2924 1910 f9“
2955 1829 3108 1882 aqua
3138 1811 3482 1910 Ῑυδίτθῐξξυῖςν
3520 1830 3636 1910 "0f
3665 1830 3818 1910 Sum

395 1945 635 2001 tempore
685 1928 829 1999 apud
882 1924 1371 1996 Hettespontiacam
1404 1927 1765 1991 Lampsacum
1818 1918 2040 1973 exsula-

395 2017 675 2088 bam,quia
735 2016 946 2072 scilicet
995 2014 1369 2085 apostolorum
1402 2013 1736 2080 Patrumque
1782 2007 2043 2060 traditio-

395 2107 558 2162 nibus
580 2107 791 2174 primas
821 2105 1120 2174 deferrem,
1151 2110 1200 2157 et
1231 2117 1302 2156 ex
1334 2101 1563 2154 illarum
1611 2095 1934 2168 prwscripto
1961 2110 2045 2149 res

395 2195 783 2252 ecclesiasticas
820 2193 1218 2262 componendus
1257 2198 1309 2245 et
1338 2186 1704 2244 restituendas
1752 2201 1870 2239 esse
1900 2184 2045 2238 dice-

395 2301 532 2353 rem,
567 2283 753 2356 potius
804 2297 964 2354 quam
994 2297 1092 2351 pro
1139 2281 1420 2336 hazreticz
1468 2275 1681 2332 ataxiae
1709 2291 1802 2330 seu
1850 2275 2047 2341 confu-

395 2379 563 2434 sionis
587 2375 836 2432 libidine.

732 2503 1000 2555 ereseos
1029 2497 1384 2570 praecedentis
1403 2496 1727 2564 con/utatio.

468 2628 721 2685 Mosaica
734 2627 971 2698 quidem
989 2625 1112 2697 lege
1129 2630 1360 2681 cavetur
1375 2628 1433 2679 ut
1447 2623 1556 2678 sub
1576 2620 1852 2678 decimam
1873 2635 2049 2690 quar-

400 2723 518 2774 tam
552 2717 700 2773 lunae
734 2717 885 2772 diem
935 2716 1156 2770 Pascha
1201 2715 1496 2771 celebrent
1525 2713 1589 2778 ii,
1635 2711 1734 2782 qui
1767 2711 1838 2765 ab
1867 2709 2046 2764 Abra-

402 2810 578 2864 bamo
609 2825 796 2880 genus
827 2808 1069 2862 ducunt.
1104 2805 1249 2860 Illud
1293 2811 1484 2860 autem
1507 2803 1642 2874 agni
1664 2800 1878 2858 occisio
1903 2802 2047 2865 erat,

403 2898 780 2969 postiumque
811 2915 877 2952 ex
911 2896 1171 2967 ejusdem
1205 2895 1486 2966 sanguine
1519 2890 1841 2964 perunctio,
1875 2897 2049 2958 atque

398 3004 598 3058 azyma
630 3004 755 3056 quae
791 3001 960 3040 mane
982 3001 1116 3040 cum
1147 2983 1390 3038 lactucis
1427 2982 1766 3037 edebantur.
1801 2978 1870 3032 Et
1894 2981 2050 3032 stan-

400 3080 488 3130 tes
534 3075 772 3144 quidem
830 3075 968 3129 recti
1009 3090 1138 3129 cum
1173 3071 1398 3128 baculis
1458 3085 1686 3137 omnes,
1719 3072 1774 3122 et
1819 3066 2044 3122 calceos

392 3166 534 3222 adeo
558 3167 848 3222 coriaceos
881 3165 1088 3230 induti,
1121 3164 1213 3220 his
1245 3164 1420 3219 rebus
1461 3160 1635 3217 simul
1670 3175 1878 3228 magna
1903 3174 2038 3212 cum

389 3255 693 3328 diligentia
739 3258 1077 3312 utebantur.
1111 3255 1184 3310 Ut
1219 3254 1420 3309 merito
1480 3252 1826 3308 maledictus
1871 3253 2038 3308 habe-

388 3325 547 3400 retu—r
569 3325 625 3400 et
654 3346 908 3414 impius;
937 3346 1035 3416 qui
1070 3345 1216 3399 hanc
1239 3343 1669 3399 institutionem
1689 3345 2038 3416 antiquaret.

389 3437 508 3488 Nos
539 3438 732 3489 autem
774 3449 890 3488 non
941 3449 1158 3504 agnum
1200 3431 1544 3501 occidimus,
1595 3433 1696 3488 sed
1727 3433 1784 3489 in
1826 3433 2037 3490 Christi

395 3523 1014 3578 commemorationem
1072 3521 1372 3591 nostrique
1421 3521 1942 3578 sanctiﬁcationem
1985 3531 2041 3578 et

391 3612 826 3684 purgationem,
859 3627 1070 3683 corpus
1101 3615 1157 3665 et
1202 3610 1547 3681 sanguinem
1599 3609 1812 3665 Christi
1846 3612 2040 3667 offeri-

383 3719 538 3772 mus,
583 3702 943 3757 sacrificium
991 3702 1364 3756 incruentum
1403 3703 1743 3755 tractantes.
1789 3700 2036 3757 Pascha-

387 3809 499 3862 que
531 3797 801 3847 nostrum
835 3808 900 3846 eo
929 3790 1056 3863 ipso
1107 3790 1197 3844 die
1234 3805 1558 3861 praeparare
1590 3789 1893 3857 debemus,
1927 3807 2038 3859 quo

383 3880 650 3936 Christus
699 3896 728 3935 e
789 3879 1183 3935 subterraneis
1241 3878 1557 3933 inferorum
1627 3877 1862 3934 latebris
1915 3885 2038 3935 tan-

385 3985 560 4038 quam
606 3985 860 4039 sponsus
892 3969 961 4022 de
984 3967 1242 4022 thalamo
1273 3983 1379 4022 suo
1433 3965 1650 4022 exsiliit
1679 3983 1691 4021 :
1723 3983 1836 4038 quo
1861 3968 2034 4024 etiam

383 4059 643 4128 tempore
673 4073 737 4112 ex
771 4058 1010 4128 Egypto
1044 4071 1240 4112 revera
1264 4055 2036 4128 prolugimus,armatosque

380 4144 663 4200 satellites
694 4150 870 4217 atque
895 4145 1138 4200 infestos
1163 4146 1458 4199 daemonas
1491 4145 1677 4215 capite
1698 4145 2038 4217 minutos,et

374 4233 599 4289 viribus
626 4234 960 4290 debilitatos
984 4232 1290 4291 evanuisse
1312 4233 1586 4288 vidimus.
1613 4237 1757 4289 Nam
1778 4233 1827 4290 si
1859 4251 2033 4306 appe-

379 4327 545 4379 tente
563 4340 800 4396 vespera
823 4325 1044 4396 quintae
1063 4324 1215 4378 ferire
1241 4322 1427 4394 pridie
1451 4339 1626 4394 quam
1643 4323 1910 4379 Christus
1928 4324 2036 4380 ini-

379 4430 489 4485 que
522 4416 580 4470 in
609 4415 769 4486 ligno
791 4418 1272 4486 suspenderetur,
1301 4419 1668 4469 sacramenta
1701 4415 1964 4471 instituta
1980 4422 2036 4471 et

377 4511 648 4578 percepta
664 4510 981 4571 sunt.,certe
1001 4502 1512 4577 προληπτικὸν,εθιι
1529 4523 1714 4576 przesu
1727 4507 1942 4578 mptivu
1955 4523 2032 4561 mv

377 4610 492 4649 non
528 4601 722 4649 autem
757 4593 1266 4667 npaypartxdv,seu
1301 4595 1378 4650 rei
1406 4599 1582 4666 gesta:
1615 4612 2031 4651 commemora-

373 4683 557 4738 tivum
605 4684 947 4754 hujusmodi
981 4683 1330 4738 sacrificium
1376 4685 1504 4739 fuit.
1538 4686 2026 4756 Prasumptivum

375 4773 637 4844 quidem,
691 4774 1089 4845 mysterioque
1137 4778 1390 4842 scatens,
1423 4773 1476 4828 id
1537 4791 1698 4846 voco,
1731 4776 1886 4846 quod
1918 4778 2027 4832 sub

371 4863 595 4935 quintae
645 4864 799 4919 feriae
859 4880 1159 4936 vesperam
1218 4868 1518 4936 peractum
1577 4868 1701 4920 est:
1765 4866 2023 4920 nondum

371 4953 528 5008 enim
589 4970 786 5009 revera
847 4958 1111 5009 mortuus
1143 4958 1288 5020 erat,
1349 4958 1810 5010 resurrexeratve
1855 4953 2022 5008 Chri-

369 5049 515 5099 stus.
547 5044 978 5116 Pragmaticum
1038 5059 1172 5098 vero
1205 5059 1304 5098 seu
1365 5043 1444 5098 rei
1477 5048 1610 5099 ante
1657 5047 1833 5114 gestae
1861 5058 2022 5097 com-

374 5134 845 5198 memorativum,
897 5135 1048 5203 quod
1084 5138 1215 5204 post
1265 5132 1617 5204 passionem,
1661 5131 2022 5202 sepulturam

376 5228 433 5276 et
492 5225 973 5279 resurrectionem
1027 5222 1380 5278 celebratum
1439 5227 1550 5277 est.
1606 5223 1743 5276 Vere
1784 5221 1934 5275 enim
1971 5228 2024 5276 et

369 5328 430 5366 re
462 5312 586 5382 ipsa
643 5317 764 5368 tum
801 5317 1094 5379 mortuus,
1153 5327 1286 5367 vere
1339 5317 1394 5367 et
1425 5327 1484 5367 re
1540 5311 1669 5382 ipsa
1711 5312 2026 5367 surrexita

372 5404 618 5458 mortuis
659 5404 945 5460 Christus.
997 5404 1268 5470 Quamvis
1339 5419 1475 5475 ergo
1537 5408 1780 5474 utraque
1837 5420 2025 5475 perce-

375 5490 520 5560 ptio,
579 5493 856 5548 nimirum
937 5493 1276 5565 proleptica,
1325 5509 1426 5549 seu
1489 5492 1920 5564 praesumptiva,
1972 5501 2025 5548 et

448 5643 468 5679 ’⁷
501 5642 616 5700 Col.
655 5659 715 5708 ιι,
745 5644 800 5710 9,
837 5646 924 5711 tt,
955 5646 1040 5699 12.

2151 1897 2378 1953 Christo
2411 1898 2743 1969 sepelimur,
2806 1900 3115 1972 denuoque
3164 1918 3297 1957 cum
3329 1902 3558 1956 Christo
3592 1903 3821 1956 iisdem

2150 1986 2600 2044 lustrationibus
2633 1989 3015 2060 resurgimus,
3069 1991 3140 2045 ab
3189 1991 3289 2046 illa
3331 1991 3508 2046 veteri
3553 1991 3826 2046 mortali-

2151 2079 2270 2129 tate
2300 2074 2550 2143 liberati,
2587 2095 2764 2148 quam
2797 2095 2864 2134 ex
2885 2079 3089 2134 Adami
3115 2079 3280 2150 lapsu
3301 2087 3819 2136 contraxeramus.

2152 2166 2502 2236 Hujusmodi
2537 2185 2704 2239 porro
2739 2170 3112 2225 mortiﬁcatio
3144 2175 3200 2225 et
3227 2173 3574 2227 resurrectio
3609 2171 3814 2226 haud-

2153 2271 2447 2326 quaquam
2483 2259 2856 2328 pragmatica,
2883 2259 2985 2313 sed
3019 2259 3264 2331 mystica
3295 2266 3400 2315 est.
3437 2261 3821 2332 Pragmatica

2153 2346 2305 2400 enim
2347 2348 2714 2404 mortiﬁcatio
2738 2353 2877 2404 tunc
2922 2350 2978 2404 in
3012 2351 3179 2405 nobis
3212 2356 3321 2418 est,
3356 2367 3490 2406 cum
3526 2351 3742 2406 animae
3779 2369 3818 2406 a

2154 2451 2392 2505 corpore
2424 2438 2716 2508 separatio
2750 2439 2832 2494 tit.
2869 2439 3228 2511 Pragmatica
3279 2441 3414 2495 item
3455 2442 3822 2496 resurrectio

2155 2533 2291 2579 tunc
2324 2526 2416 2580 ﬁet
2450 2543 2582 2582 cum
2615 2528 2758 2583 tuba
2796 2545 3011 2584 canens
3061 2529 3308 2602 angelus
3344 2535 3607 2586 mortuos
3635 2547 3665 2585 e
3693 2547 3834 2585 mo-

2153 2617 2450 2672 numentis
2482 2617 2772 2673 excitabit.
2794 2618 2982 2674 Nihilo
3017 2619 3213 2675 minus
3252 2621 3489 2692 mystica
3541 2620 3649 2675 illa
3680 2637 3825 2692 qua

2154 2703 2363 2775 triplici
2399 2704 2744 2762 lustratione
2794 2708 2880 2771 fit,
2923 2709 3314 2778 mortiﬁcatio,
3367 2726 3610 2780 quaeque
3644 2710 3827 2765 illam

2153 2793 2555 2866 subsequitur,
2589 2798 2955 2864 resurrectio,
2982 2815 3014 2852 a
3047 2799 3216 2854 nobis
3247 2814 3382 2854 vera
3412 2800 3829 2866 existimatur,

2153 2888 2212 2938 et
2239 2883 2528 2953 creditur;
2591 2885 2755 2957 vique
2804 2887 3048 2958 praedita
3076 2892 3184 2955 est,
3220 2888 3291 2942 ab
3340 2888 3414 2944 iis
3463 2905 3592 2959 qua
3622 2889 3827 2945 oculis

2152 2974 2511 3045 objiciuntur
2541 2976 2788 3047 diversa,
2821 2979 3323 3049 quemadmodum
3356 2979 3576 3035 Paulus
3598 2979 3660 3034 in
3688 2980 3833 3051 Epi-

2150 3067 2304 3119 stola
2333 3065 2402 3119 ad
2453 3071 2868 3123 conterraneos
2919 3083 3078 3125 meos
3138 3067 3432 3124 Collenses
3490 3068 3587 3124 his
3624 3069 3826 3124 verbis

2153 3152 2477 3226 theologica
2510 3155 2993 3228 philosophatur:
3030 3160 3089 3214 In
3110 3175 3217 3230 quo
3247 3167 3302 3214 et
3319 3160 3639 3215 circumcisi
3659 3159 3824 3228 estis,

2151 3241 2572 3300 circumcisione
2600 3261 2710 3301 non
2765 3249 3106 3317 manu/"acta,
3138 3249 3198 3302 in
3249 3248 3658 3320 exspoliatione
3685 3264 3818 3304 cor-

2145 3332 2295 3403 poris
2339 3334 2546 3402 carnis,
2608 3333 2667 3389 in
2721 3337 3138 3393 circumcisione
3201 3338 3431 3408 Christi,
3499 3339 3831 3410 consepulti

2147 3422 2202 3478 ei
2232 3424 2292 3478 in
2351 3422 2656 3494 baptismo:
2694 3427 2754 3480 in
2811 3443 2913 3498 quo
2961 3435 3011 3482 et
3068 3427 3457 3483 resurrexistis
3510 3444 3607 3497 per
3643 3429 3814 3498 ﬁdem

2148 3511 2484 3583 operationis
2515 3513 2614 3569 Dei
2642 3515 2743 3585 qui
2769 3518 3062 3571 suscitavit
3093 3517 3254 3572 illum
3277 3534 3309 3572 a
3341 3520 3574 3572 mortuis
3606 3517 3654 3573 ⁷.

2223 3601 2464 3657 Proinde
2492 3619 2680 3673 neque
2712 3605 2921 3660 festum
2946 3622 3078 3661 cum
3103 3605 3322 3663 Judaais
3352 3608 3780 3664 celebrandum
3799 3653 3813 3675 ,

2149 3706 2251 3746 nec
2283 3692 2354 3746 ad
2388 3691 2588 3747 lunam
2620 3693 2904 3751 decimam
2939 3699 3209 3766 quartam
3256 3696 3587 3753 studiosius
3612 3704 3814 3753 atten-

2146 3784 2403 3839 dendum
2435 3789 2540 3854 est,
2575 3787 2674 3840 sed
2696 3791 2820 3842 tum
2845 3788 3084 3844 demum
3120 3789 3342 3847 Pascha
3377 3790 3800 3847 celebrandum

2146 3877 2252 3938 est,
2287 3889 2419 3928 cum
2452 3873 2774 3931 Servatoris
2807 3877 2986 3932 nostri
3019 3878 3140 3933 dies
3169 3877 3372 3935 instat.

2219 3965 2284 4017 At
2315 3979 2444 4018 vero
2473 3963 3030 4035 Tessaresdecatitaa,
3072 3983 3169 4023 seu
3214 3970 3797 4036 Quartodecimanni,

2146 4068 2326 4106 caecos
2375 4053 2555 4109 duces
2586 4055 2796 4119 secuti,
2845 4058 3138 4128 Actusque
3189 4059 3561 4129 apostolicos,
3595 4060 3696 4131 qui
3722 4062 3803 4115 ab

2145 4140 2286 4212 ipsis
2346 4142 2685 4213 probantur,
2735 4161 2849 4199 non
2883 4146 3099 4216 injuria
3157 4147 3214 4202 in
3250 4149 3601 4218 perditionis
3637 4151 3813 4205 bara-

2144 4230 2338 4285 thrum
2359 4231 2711 4299 ceciderunt,
2773 4234 2989 4306 quippe
3021 4237 3120 4307 qui
3152 4238 3424 4293 tenebras
3470 4255 3610 4294 cum
3647 4238 3804 4306 luce,

2143 4321 2252 4378 hoc
2283 4328 2370 4380 est
2399 4339 2532 4380 cum
2549 4325 2886 4395 apostolicis
2916 4328 3808 4403 dogmatis,catholicisqnetra-

2143 4413 2467 4469 ditionibus
2497 4417 2673 4484 atque
2705 4415 2846 4471 adeo
2879 4417 3062 4488 ipsius
3082 4418 3294 4474 Christi
3329 4422 3808 4495 praeceptisque

2142 4511 2350 4560 terram
2385 4520 2642 4573 omnem,
2677 4523 2856 4577 quam
2883 4506 3101 4565 lumine
3133 4526 3236 4566 suo
3268 4510 3352 4565 sol
3385 4511 3650 4568 illustrat
3683 4531 3814 4584 per»

2141 4597 2348 4666 vagata
2378 4598 2516 4650 sunt
2545 4596 2963 4654 erroneasillas
2980 4599 3321 4656 traditiones
3343 4604 3808 4675 commutarint,

2139 4700 2288 4754 quas
2319 4683 2429 4755 ipsi
2454 4685 2786 4757 apocrypha
2814 4692 3044 4744 vocant.

2767 4826 2922 4882 CAP.
2956 4826 3148 4883 XXIII.

2143 4949 2406 5003 Vicesima
2449 4951 2615 5004 tertia
2638 4949 2884 5016 heresis,
2936 4954 3243 5023 Alogorum,
3275 4971 3374 5009 seu
3409 4960 3519 5012 Dei
3556 4961 3807 5015 Verbum

2567 5025 2902 5092 negantium.
2941 5026 3008 5079 Hi
3037 5033 3344 5096 unguntur.

2205 5135 2451 5189 Joannis
2503 5135 2879 5207 Evangelium
2942 5156 3056 5194 non
3105 5141 3420 5196 admittunt
3453 5144 3644 5214 Alogi,
3681 5147 3805 5201 imo

2137 5240 2241 5279 nec
2273 5224 2658 5296 Apocalypsin
2701 5226 2964 5297 quidem,
3007 5228 3106 5282 sed
3139 5245 3206 5283 ea
3241 5229 3505 5285 Cerinthi
3538 5232 3802 5289 haeretici

2135 5319 2468 5369 commenta
2515 5331 2642 5369 esse
2668 5318 2852 5382 aiunt,
2879 5315 3214 5372 dubitantes
3257 5326 3310 5373 et
3343 5319 3607 5377 dicentes
3640 5322 3808 5376 Chri-

2134 5409 2288 5460 stum
2352 5405 2410 5458 iu
2472 5403 2783 5475 Egyptum
2852 5405 3086 5476 quidem
3137 5407 3492 5479 profugisse,
3539 5414 3712 5479 atque
3765 5430 3806 5466 ει

2135 5494 2272 5564 fuga
2323 5492 2684 5565 postliminio
2740 5509 3036 5550 reversum
3095 5495 3431 5552 Nazaretbm
3475 5498 3808 5572 habitasse,
