4058 6212
169 467 190 524 i
207 462 323 522 289

1496 449 1890 514 TIIESAURI
1937 450 2081 510 LIB.
2127 448 2229 511 IV.

3420 449 3574 510 1290

168 597 377 654 deinde
406 594 792 666 baptizatum,
820 596 874 648 et
904 591 962 647 in
991 589 1363 647 solitudinem
1387 607 1418 643 a
1452 588 1660 660 spiritu
1695 588 1804 643 ab-
1838 587 1892 652 Α
1924 587 2016 640 sui
2047 585 2408 641 sublimitate
2440 584 2726 640 sermonis
2759 583 2817 638 in
2872 583 3131 640 medium
3166 584 3381 640 idcirco
3432 602 3567 655 pro-

169 690 416 744 ductum
452 684 667 740 fuisse:
707 683 960 754 indeque
1009 696 1307 739 reversum
1358 678 1670 750 praedicare
1701 692 1819 734 cce-

175 777 354 849 pisse,
381 780 446 831 ut
466 791 534 830 ex
547 773 794 830 aliorum
813 770 1299 844 evangelistarum
1318 767 1550 839 scriptis
1569 771 1818 823 constat.

170 865 519 938 llujusmodi
542 869 736 921 autem
754 862 896 919 nihil
921 863 1167 920 Joannis
1191 861 1497 933 Evangelio
1512 857 1818 916 contineri.

494 1011 771 1066 Haerescos
798 1006 1156 1079 praecedentis
1175 1003 1498 1076 con/“utalia.

245 1161 494 1211 Demens
519 1169 736 1220 revera,
774 1159 831 1207 et
851 1167 1058 1222 expers
1089 1148 1336 1205 rationis
1367 1156 1455 1204 est
1485 1145 1818 1218 Alogorum,

174 1245 246 1300 de
275 1243 492 1315 quibus
515 1241 610 1298 hic
630 1241 847 1312 agitur,
871 1238 1136 1304 haeresis,
1161 1253 1265 1293 uec
1299 1236 1497 1292 minus
1527 1250 1823 1290 vanacum

175 1334 307 1406 ipsa
340 1332 704 1389 dubitatione
738 1330 1120 1387 dubitationis
1144 1328 1408 1396 occasio;
1443 1343 1546 1383 nec
1577 1326 1731 1382 enim
1764 1325 1821 1380 in

173 1423 452 1480 omnibus
503 1426 759 1494 quatuor
815 1419 1184 1492 evangelista;
1234 1433 1493 1474 consona
1560 1416 1713 1471 inter
1763 1429 1826 1469 se

177 1515 500 1588 proferunt,
562 1512 663 1567 sed
699 1526 766 1566 ea
797 1511 1037 1582 quidem
1063 1524 1190 1580 quis
1215 1523 1319 1580 pro
1355 1512 1613 1577 tempore
1661 1507 1826 1576 gesta

179 1608 321 1662 sunt
352 1617 601 1674 quasque
631 1600 846 1656 Christi
872 1600 943 1656 ad
973 1615 1080 1655 nos
1111 1598 1383 1654 adventui
1412 1595 1720 1660 cohaerent,
1753 1594 1824 1650 ab

179 1692 455 1750 omnibus
486 1692 626 1746 citra
649 1688 835 1745 ullum
862 1687 992 1744 falsi
1017 1687 1327 1759 vestigium
1349 1685 1822 1752 conscribuntur,

179 1782 336 1854 quod
371 1780 650 1836 nimirum
675 1779 773 1835 Dei
807 1777 1010 1844 Filius,
1035 1777 1119 1833 ita
1142 1776 1369 1832 volente
1396 1775 1494 1846 qui
1524 1780 1616 1831 est
1646 1789 1826 1846 super

179 1870 380 1928 omnia
412 1871 596 1936 Patre,
619 1873 937 1940 sanctoque
963 1867 1185 1939 Spiritu
1217 1869 1586 1938 cooperante,
1617 1864 1677 1920 in
1708 1868 1824 1920 ter-

180 1977 309 2017 ram
365 1957 734 2015 descenderit
765 1974 779 2013 :
817 1957 916 2014 ubi
948 1973 1121 2012 carne
1152 1954 1412 2027 Virginis
1441 1971 1472 2011 e
1516 1954 1822 2026 sanguini-
1851 1981 1897 2044 Β

183 2051 297 2106 bus
331 2054 535 2105 mutuo
587 2052 847 2121 accepta,
883 2063 1096 2120 passus
1127 2046 1186 2100 in
1219 2061 1411 2115 cruce,
1447 2043 1834 2116 sepultusque

182 2141 345 2208 sit,et
373 2138 976 2206 resurrexerit,denuo
1007 2135 1259 2208 denique
1279 2135 1339 2191 in
1358 2133 1532 2192 cmlos
1554 2134 1830 2191 ascende-

184 2229 283 2288 rit.

254 2321 339 2376 Ad
373 2318 790 2378 miraculorum
828 2334 1000 2390 porro
1031 2315 1480 2390 explicationem
1538 2314 1692 2387 quod
1743 2317 1833 2370 at-

183 2410 357 2480 tinet,
412 2409 678 2482 quamvis
741 2409 942 2464 eodem
1002 2405 1166 2463 illam
1235 2421 1437 2462 omnes
1487 2405 1661 2460 modo
1716 2418 1832 2458 non

184 2499 586 2566 tractaverint,
646 2497 801 2568 quod
852 2500 1049 2552 tamen
1101 2495 1172 2552 ab
1213 2494 1326 2550 alio
1371 2492 1834 2565 przetermissum

183 2594 297 2656 est,
331 2588 392 2642 id
450 2586 661 2642 litteris
693 2585 847 2641 alius
904 2584 1178 2652 exaravit,
1212 2582 1484 2655 quodque
1533 2582 1688 2637 idem
1743 2581 1836 2636 hic

183 2676 422 2734 silentio
453 2674 799 2747 suppressit,
831 2673 892 2728 id
949 2674 1022 2729 ab
1069 2687 1136 2728 eo
1185 2672 1286 2743 qui
1347 2671 1699 2728 subsecutus
1749 2673 1840 2725 est

180 2767 646 2838 haudquaquam
671 2764 981 2833 omissum,
1001 2765 1101 2820 sed
1124 2779 1463 2834 expressum
1495 2765 1552 2816 et
1584 2758 1837 2816 historiae

187 2857 474 2911 insertum
509 2860 617 2912 est.
669 2855 834 2920 Quod
863 2853 1102 2925 quidem
1133 2853 1342 2908 divina:
1372 2850 1742 2923 providentiae
1783 2851 1842 2904 et

185 2943 717 3000 administrationis
737 2959 885 3016 opus
908 2942 1064 2998 haud
1085 2941 1260 2998 dubie
1282 2937 1838 3014 praestantissimum

188 3038 300 3091 est.
336 3035 397 3091 Si
429 3034 585 3090 enim
615 3037 873 3104 quatuor
903 3031 1272 3105 evangelista;
1326 3032 1387 3087 in
1431 3030 1706 3087 omnibus
1747 3029 1841 3083 in-

179 3129 272 3180 ter
303 3140 366 3180 se
397 3123 850 3190 consensissent,
883 3121 925 3178 ii
955 3122 1056 3194 qui
1086 3123 1156 3178 ad
1207 3121 1462 3177 veritatis
1502 3120 1700 3176 lumen
1731 3134 1839 3175 caa-

182 3213 420 3270 cutiunt
469 3212 600 3268 illos
648 3213 1014 3284 convenisse,
1061 3211 1478 3282 communique
1535 3209 1839 3281 conspira-

182 3303 345 3358 tione
378 3307 552 3373 atque
584 3301 906 3374 sephistico
945 3318 1233 3358 consensu
1283 3317 1351 3356 ea
1399 3300 1750 3357 conﬁnxisse
1780 3302 1840 3354 et

189 3393 615 3466 conscripsisse
673 3392 1048 3463 objecissent,
1080 3410 1208 3466 quas
1239 3391 1398 3448 nullo
1456 3392 1628 3447 modo
1681 3389 1840 3446 acci-

186 3483 441 3553 dissent,
485 3499 642 3539 nunc
671 3499 804 3538 vere
834 3483 895 3538 in
943 3481 1059 3538 illis
1092 3483 1404 3540 concordia
1460 3481 1684 3537 discors
1715 3479 1838 3535 elu-

186 3571 389 3638 ccscit,
421 3570 748 3642 similisque
797 3571 941 3627 adeo
971 3576 1080 3637 est,
1115 3575 1181 3627 ut
1211 3571 1288 3626 ita
1320 3570 1534 3638 dicam,
1585 3573 1841 3640 Evange-

184 3661 402 3717 liorum
433 3661 742 3732 quaternio
765 3659 992 3717 musico
1013 3677 1230 3733 organo
1269 3659 1663 3727 tetrachordo,
1686 3658 1842 3730 quod

187 3749 446 3822 Spiritus
495 3754 735 3808 sanctus
788 3755 1080 3822 personat,
1115 3751 1406 3821 modoque
1431 3749 1552 3804 haec
1597 3746 1844 3804 salutari

189 3839 436 3908 cantico,-
499 3840 670 3896 modo
723 3839 825 3896 illa
857 3857 1001 3896 sono
1043 3840 1202 3896 vocis
1235 3838 1608 3895 ornatissimo
1653 3837 1844 3893 homi-

189 3930 389 3999 nibus,
431 3933 722 4000 quotquot
780 3931 1042 3986 nondum
1086 3945 1325 4000 prorsus
1389 3927 1842 3994 obsurduerunt,

189 4018 586 4092 percurrenda
628 4019 898 4090 assumit,
936 4019 1012 4074 ita
1065 4021 1131 4073 ut
1186 4019 1412 4090 quoties
1471 4015 1847 4087 Evangelium

185 4107 434 4165 Joannis
485 4106 715 4164 coaleste
745 4125 906 4175 voco,
945 4124 1100 4179 saepe
1131 4112 1324 4163 autem
1363 4106 1508 4162 facio
1564 4103 1846 4177 ἀπήχημα

189 4198 512 4271 quoddam,
544 4213 647 4253 seu
679 4202 1003 4254 extremum
1037 4195 1377 4252 resultantis
1399 4195 1557 4250 vocis
1587 4195 1845 4250 sonitum

189 4287 472 4360 percipio,
505 4302 620 4358 quo
653 4286 754 4343 Dei
785 4285 972 4358 gloria
1021 4289 1078 4340 et
1117 4282 1457 4340 harmonica
1492 4281 1848 4337 firmamenti

189 4393 304 4431 vox
335 4374 681 4447 explicatur,
713 4392 840 4448 qua:
873 4375 1112 4446 quidem
1148 4371 1431 4428 miracula
1471 4371 1570 4427 illa
1614 4387 1848 4426 annun-

193 4464 326 4531 tiat,
360 4479 485 4533 quae
527 4479 658 4518 cum
718 4480 892 4520 carne
933 4480 966 4518 a
1022 4464 1218 4529 verbo,
1277 4466 1335 4518 et
1391 4460 1655 4532 ejusdem
1713 4476 1846 4516 cum

193 4550 300 4607 illo
352 4555 572 4606 naturis
610 4551 832 4624 Spiritu
891 4552 1044 4607 facta
1075 4554 1259 4606 sunt:
1303 4564 1548 4620 quaeque
1599 4553 1849 4620 paterna:

199 4656 414 4696 manus
445 4640 834 4712 appellatione
867 4640 1266 4714 designantur.
1316 4637 1647 4710 Discipulus
1691 4638 1848 4694 enim

1932 675 2145 746 posuit,
2202 676 2338 748 quia
2393 674 2628 731 verbum
2679 673 2820 731 illud
2880 674 2940 749 ᾖν
3000 683 3140 745 erat,
3206 680 3360 749 quod
3411 679 3572 734 nullo

1933 765 2106 820 modo
2141 763 2395 820 recusari
2426 765 2738 820 refutarive
2771 769 2978 837 potest,
3003 767 3130 837 jam
3154 767 3580 823 hominuman-

1932 852 2094 909 ribus
2163 854 2517 920 intonuerat,
2567 858 2624 910 et
2662 855 2874 911 animis
2922 857 3274 912 innotuerat.
3308 857 3586 922 Quamvis

1933 942 2089 998 enim
2122 941 2210 996 vel
2242 942 2334 998 his
2362 947 2559 998 exacte
2589 945 2843 1012 traditis,
2899 944 3325 1017 perspicueque
3363 945 3590 1000 theolo-

1931 1031 2028 1102 gia
2061 1032 2360 1103 expositis,
2429 1032 2650 1089 indocti
2697 1033 3056 1105 pessimique
3113 1035 3373 1090 veritatis
3431 1035 3587 1090 aesti-

1938 1126 2190 1176 matores
2214 1122 2334 1176 haec
2363 1123 2674 1176 verborum
2727 1127 2994 1194 portenta
3021 1140 3033 1178 :
3057 1120 3256 1193 οὖκῆν,
3284 1141 3398 1179 non
3417 1128 3575 1191 erat;

1934 1209 2000 1277 ἦν
2035 1208 2124 1262 ὅτε
2157 1209 2260 1263 οὐκ
2313 1209 2405 1277 ἦν,
2441 1211 2544 1265 fuit
2577 1217 2830 1282 tempus,
2864 1228 2978 1284 quo
3012 1229 3124 1268 non
3157 1219 3280 1268 erat
3315 1232 3328 1283 ;
3360 1211 3577 1284 ὅμοιον,

1931 1300 2120 1356 simile
2155 1318 2168 1368 ;
2201 1297 2542 1372 ὁμοιοῦσιον,
2576 1300 2785 1356 similis
2809 1301 3069 1357 essentiae
3105 1327 3118 1370 ;
3149 1301 3336 1370 ἧττον,
3362 1304 3581 1377 minus,

1933 1395 1988 1445 et
2026 1386 2242 1443 κτεστὸν
2282 1395 2566 1460 creatum,
2619 1391 3044 1463 excogitarunt,
3107 1397 3162 1447 et
3215 1400 3418 1448 caetera
3463 1392 3578 1448 alia

1934 1497 2061 1552 quae
2092 1482 2162 1536 ad
2213 1482 2672 1539 confutationem
2737 1483 3229 1555 manifestamque
3274 1488 3580 1540 auctorum

1935 1587 2176 1626 suorum
2237 1571 2586 1628 derisionem
2640 1572 2809 1628 libris
2855 1573 3022 1628 editis
3073 1574 3581 1630 circumferuntur.

1934 1663 2100 1729 Papae
2136 1659 2148 1714 l
2183 1675 2360 1730 quam
2392 1660 2708 1715 dissimilia
2739 1659 2809 1716 de
2849 1661 3078 1718 Christo
3113 1663 3440 1719 dicerentur
3471 1663 3584 1718 nisi

1934 1748 2221 1804 Dominus
2261 1764 2366 1820 per
2395 1765 2530 1805 eum
2565 1749 2665 1822 qui
2721 1749 2834 1806 haec
2864 1767 3080 1807 arcana
3111 1752 3406 1818 revelavit,
3454 1756 3584 1807 tan-

1938 1853 2113 1910 quam
2150 1837 2220 1894 de
2252 1837 2395 1894 coelo
2428 1839 2807 1908 intonuisset,
2837 1857 3034 1896 vocem
3059 1857 3225 1897 suam
3259 1841 3588 1898 Altissimus

1937 1926 2258 1995 emisisset,
2310 1927 2650 1999 dogmatum
2686 1928 2925 1985 maxime
2987 1930 3319 1986 divinorum
3354 1929 3590 2002 fulgura

1939 2016 2410 2088 multiplicasset,
2445 2024 2616 2088 atque
2671 2017 2974 2074 haereticos
3026 2019 3406 2075 confudisset.
3453 2019 3586 2082 Sed,

1941 2109 2004 2162 ut
2035 2105 2230 2161 videre
2252 2109 2361 2174 est,
2393 2122 2509 2162 non
2542 2105 2658 2162 alia
2687 2107 2758 2162 de
2788 2123 2968 2162 causa
2997 2107 3376 2179 Evangelium
3406 2107 3586 2163 Joan—

1941 2196 2028 2252 nis
2059 2195 2130 2251 ab
2166 2195 2253 2252 bis
2284 2194 2482 2267 Alogis
2516 2195 2900 2268 improbatur,
2934 2212 3106 2268 quam
3144 2196 3282 2268 quia
3313 2196 3414 2252 Dei
3446 2199 3586 2251 Ver-

1940 2285 2082 2340 bum
2119 2300 2234 2340 non
2275 2283 2611 2353 admittant,
2657 2300 2761 2340 nec
2797 2285 3005 2352 Deum,
3052 2300 3156 2340 nec
3201 2285 3353 2357 apud
3399 2285 3585 2341 Deum

1942 2393 2092 2444 esse,
2117 2393 2220 2434 nec
2252 2377 2450 2434 omnia
2480 2393 2581 2450 per
2603 2377 2797 2450 ipsum
2822 2377 2972 2434 facta
3001 2391 3153 2447 esse,
3176 2377 3591 2446 confiteantur,

1940 2475 1994 2524 et
2027 2467 2363 2540 praedicent.

2571 2555 2724 2612 CAP.
2764 2556 2958 2613 XXIV.

1946 2649 2210 2704 i'iccsinca
2257 2655 2454 2722 quarta
2483 2647 2726 2716 hamata,
2758 2650 3214 2722 Adamianorum.
3251 2651 3329 2706 Hi
3359 2667 3589 2722 ungun-

2017 2723 2132 2776 tur.
2169 2721 2234 2775 Λι
2265 2721 2548 2776 honestum
2575 2736 2783 2792 quoque
2811 2721 3011 2791 fuerit,
3043 2722 3093 2777 si
3124 2721 3490 2795 baptizentur.

2017 2827 2319 2884 Adamiani
2351 2829 2571 2884 Adamo
2602 2829 2854 2898 quodam
2909 2830 3142 2886 doctore
3172 2831 3265 2886 usi
3313 2831 3589 2888 ecclesias

1944 2933 2086 2973 suos
2109 2917 2165 2972 in
2191 2917 2453 2988 partibus
2481 2916 2854 2975 inferioribus
2884 2918 3035 2975 leves
3067 2922 3124 2975 et
3153 2927 3432 2992 angustas
3459 2921 3591 2976 effi-

1945 3006 2175 3062 ciebant
2206 3007 2422 3078 quibus
2471 3007 2920 3063 excalfaciendis
2960 3007 3122 3080 ligna
3167 3009 3584 3080 accendebant,

1944 3095 2255 3168 januisque
2306 3097 2538 3152 adstare
2562 3096 2866 3168 jubebant,
2920 3097 3019 3169 qui
3066 3098 3323 3154 virorum
3352 3099 3592 3154 femina-

1948 3201 2196 3256 rumque
2244 3184 2532 3254 omnium,
2583 3203 2730 3258 quos
2778 3186 2979 3242 statim
3038 3186 3110 3242 ab
3140 3186 3410 3259 ingressu
3462 3183 3599 3242 exui

1948 3275 2127 3329 moris
2194 3278 2342 3344 erat,
2415 3274 2764 3330 vestimenta
2823 3275 3204 3343 custodirent,
3283 3281 3458 3348 atque
3516 3275 3600 3332 ita

1868 3349 1909 3415 C
1951 3362 2226 3433 precibus
2299 3367 2357 3419 et
2402 3363 2836 3435 Scripturarum
2905 3364 3137 3421 lectioni
3197 3365 3601 3435 intendebant,

1952 3451 2302 3523 virginitatis
2371 3451 2565 3508 studio
2648 3469 2778 3509 sese
2839 3453 3184 3510 insolentius
3273 3455 3602 3510 efferentes.

1954 3541 2196 3606 Quodsi
2249 3540 2382 3612 quis
2429 3540 2487 3596 in
2545 3541 2768 3613 ﬂagitio
2847 3543 3402 3615 deprehenderetur,
3470 3559 3605 3600 eum

1956 3645 2090 3684 mox
2145 3629 2296 3685 foras
2328 3631 2577 3702 ejectum
2621 3631 2914 3688 Adamum
2965 3634 3329 3700 dictitabant,
3385 3631 3485 3702 qui
3537 3631 3608 3686 de

1953 3716 2114 3790 ligno
2173 3719 2542 3775 comedisset.
2577 3719 2891 3776 Ecclesiam
2936 3723 3092 3776 enim
3125 3738 3287 3776 suam
3349 3717 3601 3790 paradisi

1956 3807 2194 3863 nomine
2242 3807 2652 3880 dignabantur.
2685 3808 2863 3865 Iidem
2898 3815 3175 3881 praeterea
3223 3808 3459 3880 nuptias
3491 3807 3604 3863 im-

1958 3897 2298 3969 probabant.

2276 4006 2540 4060 Ilaereseos
2568 4005 2924 4075 praecedentis
2954 4007 3278 4076 confatalia.

2027 4111 2144 4167 Nec
2171 4113 2345 4175 recte,
2393 4127 2496 4165 nec
2524 4110 2616 4180 pie
2660 4127 2761 4180 pro
2794 4111 2998 4166 Adami
3057 4127 3190 4167 cum
3224 4112 3340 4166 Eva
3383 4128 3599 4168 concu-

1957 4201 2083 4256 bitu
2133 4201 2205 4254 ab
2237 4199 2579 4254 Adamianis
2612 4199 2755 4272 ligni
2802 4200 3132 4272 degustatio
3191 4203 3451 4273 exposita
3500 4205 3608 4260 est.

1959 4298 2152 4350 Moses
2184 4293 2341 4348 enim
2382 4291 2556 4346 aliam
2606 4290 2786 4348 fuisse
2819 4292 3044 4348 arboris
3084 4293 3338 4348 scientia:
3399 4311 3466 4348 ex
3498 4311 3613 4349 ser-

1959 4381 2152 4453 pentis
2208 4381 2584 4453 suggestione
2646 4382 3100 4454 perceptionem,
3159 4381 3340 4438 alium
3400 4376 3612 4438 Adami

1958 4475 2201 4543 Evmque
2246 4471 2620 4526 concubitum
2657 4477 2904 4527 testatus
2937 4476 3044 4528 est.
3073 4475 3258 4544 Atque
3284 4472 3445 4528 illam
3478 4473 3611 4544 qui-

1961 4559 2090 4616 dem
2141 4561 2199 4616 in
2235 4560 2506 4632 paradiso
2565 4561 2784 4616 nefarie
2841 4566 3234 4633 perpetratam
3295 4562 3398 4630 ait,
3457 4562 3613 4617 hunc

1961 4663 2094 4704 vero
2126 4652 2326 4721 postea
2357 4665 2534 4720 quam
2569 4648 2704 4704 inde
2732 4650 2900 4720 ejecti
2928 4657 3087 4720 sunt,
3114 4649 3504 4723 pclliceasque
3525 4654 3614 4704 tu-

200 4733 318 4787 Deo
341 4729 557 4787 chorus
577 4731 734 4787 viam
757 4731 948 4787 tribus
967 4728 1355 4802 Evangelistis
1384 4727 1600 4784 inviam
1620 4733 1675 4783 et
1703 4727 1856 4785 inac-
1886 4719 1932 4784 Ι)
1968 4719 2141 4794 nicas
2163 4719 2501 4794 induerunt.
2535 4739 2696 4804 Quod
2735 4719 2930 4795 autem
2959 4719 3196 4812 nupti—as
3233 4719 3610 4808 interdicunt,

196 4835 434 4877 cessam
481 4819 810 4892 ingressus,
871 4837 940 4876 ea
969 4819 1185 4876 Christi
1237 4817 1516 4874 miracula
1566 4817 1855 4889 exposuit,

1966 4828 2318 4899 virginitatis
2367 4827 2666 4884 simulatio
2724 4845 3000 4902 meraque
3053 4828 3179 4884 sine
3210 4829 3383 4885 rebus
3440 4830 3615 4885 verba

199 4925 571 4982 quaecunque
629 4910 995 4982 praetermitti
1027 4925 1142 4965 non
1188 4911 1476 4979 poterant,
1527 4909 1668 4980 quin
1722 4923 1861 4981 quo-

199 5002 499 5073 quomodo
530 5005 947 5058 tractarentur.
979 4999 1394 5056 Miraculorum
1427 4999 1582 5055 enim
1617 5015 1857 5056 suorum

200 5091 477 5149 Christus
505 5091 828 5164 discipulos
869 5107 1102 5163 quoque
1145 5090 1455 5162 participes
1513 5089 1694 5161 gratis
1725 5089 1861 5144 etl'e-

204 5181 306 5250 cit,
340 5180 589 5252 iltosque
649 5182 790 5238 adeo
848 5181 922 5237 iis
963 5199 1089 5253 quae
1142 5181 1374 5237 fecisset
1431 5179 1578 5251 ipse,
1638 5179 1863 5250 majora

203 5271 466 5326 facturos
498 5287 627 5326 esse
659 5270 954 5342 pollicitus
986 5276 1096 5327 est.
1128 5272 1318 5341 Atque
1339 5287 1369 5323 a
1401 5269 1591 5324 tribus
1622 5269 1860 5338 quidem

206 5359 581 5432 evangelistis
611 5359 753 5416 satis
789 5377 1083 5434 superque
1116 5359 1332 5414 tradita
1355 5362 1411 5414 et
1440 5357 1701 5428 exposita
1721 5363 1863 5414 sunt

206 5449 330 5516 illa,
397 5449 606 5522 paucis
655 5450 881 5522 aliquot
930 5449 1206 5521 exceptis.
1266 5447 1572 5503 Coalestem
1622 5463 1754 5503 vero
1808 5451 1865 5503 et

213 5540 511 5611 propriam
582 5540 801 5596 Christi
860 5539 1294 5613 generationem
1361 5535 1534 5592 verbo
1590 5535 1656 5603 ἦν
1717 5541 1860 5608 erat,

213 5645 551 5699 expressam
596 5629 795 5686 statim
835 5631 906 5686 ab
938 5628 1103 5686 initio
1136 5627 1386 5684 tonitrus
1418 5625 1574 5682 ﬁlius
1607 5625 1702 5681 hic
1727 5631 1863 5682 tan-
1973 5647 2109 5688 cum
2142 5630 2250 5686 sibi
2286 5629 2535 5686 ficulnea
2592 5630 2730 5686 folia
2762 5635 3144 5700 consuerunt,
3201 5648 3398 5688 eorum
3447 5649 3615 5704 aspc-

216 5735 393 5790 quam
439 5717 692 5792 fulguris
723 5719 1002 5792 impetus,
1032 5718 1091 5774 in
1123 5731 1327 5773 omnes
1360 5713 1516 5770 orbis
1548 5714 1694 5771 fines
1751 5716 1866 5788 eja-
1975 5722 2132 5774 ctum
2156 5717 2426 5787 aversati,
2453 5734 2578 5789 quae
2605 5718 2826 5790 pudore
2848 5718 3026 5791 digna
3057 5723 3213 5776 sunt.
3254 5719 3622 5776 Absurdissi-

215 5809 447 5868 culatus
495 5814 606 5881 est,
637 5814 703 5868 ut
749 5815 957 5870 cetera
985 5823 1220 5882 quoque
1248 5806 1306 5862 id
1355 5821 1564 5879 genus,
1596 5821 1720 5878 quas
1766 5805 1866 5865 ille
1976 5823 2137 5866 mum
2171 5824 2342 5880 porro
2382 5811 2440 5864 et
2469 5808 2541 5864 ab
2572 5809 2731 5866 omni
2763 5809 3051 5868 modestia
3080 5826 3320 5883 prorsus
3366 5809 3624 5866 alienum

535 5931 798 5994 ΡΔτιιοι.
849 5931 957 5990 Gn.
993 5928 1305 5990 CXXXIX.

3309 5929 3384 5988 41

1971 4921 2128 4973 sunt.
2150 4918 2294 4974 Cum
2319 4917 2473 4972 enim
2501 4934 2614 4971 non
2637 4916 2764 4973 sine
2798 4934 3012 4989 magna
3042 4916 3422 4989 turpitudinis
3456 4922 3612 4983 nota,

1969 5005 2129 5060 omni
2153 5007 2365 5061 amictu
2390 5005 2676 5076 deposito,
2703 5005 2798 5060 alii
2833 5006 3079 5062 aliorum
3112 5010 3314 5061 mutuo
3348 5007 3619 5060 fruantur

1971 5099 2228 5166 aspectu,
2276 5095 2374 5167 qui
2436 5093 2559 5149 fieri
2595 5098 2804 5166 potest,
2841 5101 2904 5151 ut
2950 5095 3103 5166 apud
3157 5110 3354 5166 (equos
3422 5110 3618 5149 rerum

1972 5186 2356 5241 aestimatores
2386 5185 2742 5256 virginitatis
2787 5189 3050 5239 amantes
3083 5187 3138 5239 et
3181 5181 3429 5238 studiosi
3466 5182 3621 5253 judi-

1973 5275 2231 5330 centur?
2289 5276 2564 5329 Caeterum
2626 5281 2910 5346 quantum
2971 5272 3054 5326 illi
3109 5272 3296 5328 scelus
3345 5273 3623 5343 nefasque

1972 5364 2362 5427 committant,
2398 5363 2495 5433 qui
2552 5365 2621 5417 de
2650 5362 2942 5416 industria
2973 5359 3350 5432 volentesque
3391 5363 3620 5416 nudan-

1971 5456 2088 5517 tur,
2121 5457 2179 5507 et
2217 5468 2282 5508 ea
2314 5453 2608 5524 detegunt,
2669 5469 2794 5524 qua:
2827 5450 3104 5508 occultari
3157 5456 3359 5506 natura
3415 5451 3616 5516 voluit,

1971 5540 2060 5597 vel
2092 5540 2203 5612 ipsi
2243 5542 2466 5612 generis
2499 5541 2742 5598 humani
2776 5541 3173 5613 progenitores
3212 5542 3618 5608 ostenderunt,
