4090 6192
457 341 607 404 1291

1770 343 2086 405 NICETE
2131 343 2549 408 CHONIATIE

3706 349 3880 409 i292

451 476 722 548 quodque
745 476 1000 533 calidum
1024 474 1190 532 illum
1210 482 1263 531 et
1296 477 1605 533 ferventem
1638 477 1825 533 zelum
1857 478 1914 533 in
1947 479 2092 533 Ada-
2122 481 2173 547 Α
2206 496 2304 552 per
2332 496 2559 550 canem,
2620 498 2724 554 per
2754 497 3042 551 anserem,
3077 486 3134 538 et
3166 498 3267 552 per
3315 480 3521 554 pinum
3548 481 3882 553 jurabant,

453 565 668 620 mianis
691 571 920 638 augeat,
954 565 1061 620 hoc
1093 565 1296 620 merito
1328 571 1654 636 censeatur,
1690 569 1844 639 quod
1879 584 2013 623 cum
2039 569 2097 623 in

445 655 761 712 Ecclesium
801 655 1062 710 vestibus
1113 655 1323 722 induti,
1383 659 1598 711 etcum
1649 658 1866 728 pudore
1900 674 2099 728 preces

445 751 564 802 Deo
617 745 857 800 fundere
909 745 1202 812 deberent,
1238 745 1296 800 in
1329 745 1704 818 hypocaustis
1736 751 1790 802 et
1848 746 2099 802 caminis

443 834 640 905 ignem
664 837 1003 904 accendant,
1055 835 1252 907 ibique
1305 852 1436 890 cum
1472 836 1703 892 feminis
1748 853 2097 892 conversan-

449 930 556 990 tes,
591 926 765 994 atque
822 939 941 978 una
971 941 1104 979 cum
1138 923 1257 979 illis
1289 923 1628 994 psallentes,
1689 925 1905 980 amoris
1957 942 2095 996 pru-

448 1014 568 1068 ritu
601 1013 994 1084 inardescant,
1029 1019 1084 1070 et
1135 1014 1319 1069 calide
1355 1014 1674 1070 admodum
1708 1023 1910 1070 mutuo
1960 1031 2096 1071 con-

453 1102 652 1159 cubitu
685 1104 971 1159 fruantur.

1091 1195 1245 1250 CAP.
1279 1193 1448 1249 XXV.

457 1291 732 1347 Vicesima
763 1290 954 1361 quinta
985 1291 1233 1356 haeresis,
1284 1291 1708 1363 Sampsmorum,
1740 1292 1835 1364 qui
1864 1295 1917 1347 et
1970 1292 2098 1348 Hel-

927 1364 1109 1419 cesgei.
1145 1364 1210 1416 Ili
1241 1365 1611 1434 baptizuntur.

522 1469 807 1541 Sampssei
839 1472 1136 1534 vocantur,
1172 1469 1339 1541 quasi
1377 1471 1504 1540 puri
1540 1471 1818 1526 Hebraica
1850 1471 2049 1542 lingua
2082 1491 2095 1539 ;

451 1560 721 1616 Helcesasi
752 1575 907 1627 vero,
968 1575 998 1614 a
1031 1558 1274 1629 quodam
1313 1575 1510 1614 eorum
1546 1561 1778 1616 doctore
1807 1562 1934 1631 (47).
1981 1561 2102 1615 Haa-

451 1666 650 1707 reseos
706 1665 875 1721 porro
925 1650 1041 1702 dux
1088 1653 1142 1703 et
1176 1653 1377 1705 auctor
1425 1649 1540 1703 illis
1588 1651 1696 1704 t'uit
1744 1650 2099 1721 pseudopro-

453 1740 626 1810 pheta
657 1737 891 1809 quidam
921 1738 1180 1803 Judaeus,
1227 1739 1462 1792 nomine
1495 1739 1672 1806 Elxai,
1733 1738 1830 1808 qui
1865 1737 2100 1807 Trajani

2206 571 2745 646 elementorumque
2769 573 3214 646 quaternionem
3241 575 3311 629 ad
3348 573 3523 629 fidem
3549 573 3729 629 dictis
3753 573 3893 628 suis

2205 663 2580 718 astruendam
2617 665 3006 734 proferebant.

2276 749 2422 812 Quin
2459 761 2515 806 et
2565 752 2720 822 apud
2752 751 3011 823 gentium
3045 752 3183 808 deos
3215 768 3245 807 e
3286 753 3461 824 Styge
3488 755 3694 823 (quem
3726 751 3883 806 inte-

2206 855 2402 894 rorum
2472 841 2689 896 fontem
2754 854 2882 896 esse
2942 840 3210 896 fabulosa
3275 841 3454 896 tradit
3513 840 3879 911 antiquitas)

2206 944 2418 999 aquam
2467 929 2919 1001 frigidissimam
2977 931 3285 1000 scaturire,
3334 929 3632 986 verissimi
3680 928 3887 1000 quoti-

2206 1019 2398 1074 dianis
2430 1019 2487 1074 in
2521 1019 2827 1091 colloquiis
2875 1020 3192 1091 juramenti
3255 1019 3380 1075 loco
3439 1019 3715 1076 habebat.
3749 1019 3883 1074 Nos

2207 1113 2400 1164 autem
2433 1108 2662 1165 Christo
2707 1111 2971 1179 docente,
3004 1125 3192 1182 neque
3249 1126 3350 1180 per
3379 1113 3620 1174 terram,
3673 1123 3882 1179 neque

2207 1215 2309 1268 per
2336 1197 2546 1254 cmlum
2582 1199 2906 1269 jurandum
2940 1216 3067 1256 esse
3113 1199 3429 1254 didicimus
3462 1217 3477 1264 ;
3513 1199 3674 1254 illam
3712 1197 3882 1252 enim

2209 1288 2422 1357 pedum
2474 1289 2580 1345 Dei
2613 1289 2957 1357 scabellum,
3000 1290 3109 1345 hoc
3141 1305 3274 1345 vero
3306 1290 3506 1345 sedem
3538 1305 3670 1344 esse
3711 1288 3882 1342 idem

2207 1382 2454 1433 testatus
2485 1384 2593 1434 est.
2626 1380 3055 1450 Jusjurandum
3087 1386 3285 1436 autem
3323 1385 3588 1436 nostrum
3621 1395 3754 1434 esse
3775 1395 3882 1433 vo-

2207 1467 2338 1534 luit,
2384 1469 2494 1535 Esi,
2556 1477 2654 1537 est,
2685 1486 2816 1537 non,
2848 1487 2956 1525 mm
2990 1470 3052 1525 ¹⁰.
3099 1470 3408 1541 Nugonum
3443 1470 3701 1540 denique
3731 1468 3884 1522 deli-

2211 1559 2294 1610 ria
2327 1561 2486 1623 sunt,
2522 1563 2574 1613 et
2623 1575 2823 1614 eorum
2857 1559 2958 1630 qui
3004 1561 3060 1613 in
3089 1561 3315 1630 seipsos
3360 1560 3621 1614 divinam
3676 1557 3882 1613 conci-

2212 1651 2333 1701 tant
2364 1646 2532 1715 iram,
2566 1663 2700 1703 cum
2733 1653 2922 1704 totum
2961 1649 3260 1704 Christum
3295 1649 3656 1720 corruptioni
3693 1649 3884 1702 obno-

2207 1735 2369 1789 xium
2390 1751 2516 1792 esse
2547 1737 2735 1804 aiunt,
2768 1739 2869 1808 qui
2902 1740 2972 1792 ab
3003 1739 3222 1793 Adamo
3242 1739 3320 1792 sit
3349 1745 3536 1806 ortus,
3570 1753 3676 1792 nec
3705 1753 3877 1803 eum,

451 1827 818 1899 temporibus
874 1827 1034 1881 vixit.
1083 1827 1135 1881 Is
1196 1842 1297 1896 per
1318 1827 1522 1895 salem,
1575 1843 1808 1898 aquam,
1860 1831 2100 1894 terram,
2135 1857 2183 1924 Β
2215 1829 2506 1894 quatenus
2537 1826 2690 1882 Deus
2721 1828 3226 1898 est,przecesserit,
3251 1843 3381 1883 cum
3417 1844 3630 1897 corpus
3664 1828 3735 1881 ab
3771 1843 3878 1881 eo-

457 1931 692 1988 panem,
735 1915 967 1981 cmlum,
1001 1915 1302 1980 aetherem,
1336 1921 1392 1971 et
1421 1921 1654 1971 \entum
1686 1917 1908 1987 jurare,
1955 1916 2106 1970 divi-

457 2020 718 2077 numque
762 2004 877 2060 illis
921 2005 1189 2060 exhibere
1251 2004 1471 2061 cultum
1523 2007 1788 2076 jubebat.
1823 2006 2105 2061 Caeterum

458 2093 830 2150 continentiae
856 2094 1301 2162 adversabatur,
1327 2095 1842 2166 virginitatemque
1871 2111 2106 2163 exosus,

459 2185 678 2240 nubere
719 2183 982 2254 cogebat.
1017 2183 1125 2238 Sed
1163 2187 1220 2239 et
1274 2183 1616 2255 bypocrysin
1647 2186 2105 2264 commendabat,

456 2274 516 2327 in
549 2287 734 2343 eaque
780 2271 925 2326 nihil
959 2272 1153 2328 inesse
1199 2272 1418 2343 peccati
1455 2289 1746 2339 asserens,
1782 2291 1881 2329 eos
1912 2291 1944 2329 a
1974 2290 2110 2345 pec-

458 2367 583 2418 cato
631 2361 924 2416 immunes
976 2376 1104 2416 esse
1165 2361 1438 2431 addebat,
1485 2363 1580 2434 qui
1643 2378 1709 2418 ex
1742 2363 2107 2430 necessitate,

459 2467 576 2505 non
634 2464 702 2504 ex
750 2449 1109 2504 conscientia
1160 2452 1422 2520 tempore
1479 2451 1900 2521 persecutionis
1954 2451 2110 2506 idola

460 2538 713 2593 venerati
747 2543 960 2593 essent.
1015 2539 1334 2611 Prophetas
1365 2555 1479 2593 non
1527 2540 1892 2595 admittebat.
1927 2545 2108 2595 Amu-

463 2627 716 2682 letorum
774 2626 862 2682 vel
919 2627 1223 2682 monilium
1276 2644 1449 2683 usum
1509 2629 1852 2700 imperabat.
1913 2630 2109 2686 Chris-

467 2722 597 2773 tum
631 2724 955 2775 creaturam
1004 2736 1152 2788 esse,
1195 2723 1367 2790 atque
1398 2719 1456 2773 in
1515 2720 1736 2774 Adamo
1795 2720 2108 2775 formatum

466 2809 650 2865 fuisse
681 2809 1073 2874 fabulabatur,
1112 2811 1282 2880 cujus
1313 2825 1522 2881 corpus
1553 2826 1655 2880 pro
1688 2826 1793 2865 suo
1826 2811 2108 2865 arbitratu

465 2899 755 2967 indueret,
818 2904 1133 2970 posteaque
1183 2908 1430 2955 exueret.
1499 2899 1779 2970 Spiritum
1842 2905 2106 2957 sanctum

465 2989 704 3044 fratrem
744 2990 873 3059 ejus
903 3005 1050 3054 esse,
1081 2996 1250 3059 atque
1281 3005 1478 3044 eorum
1513 2994 1827 3060 utrumque
1859 2989 2106 3062 longitu-

465 3080 599 3134 dine
632 3081 702 3134 ad
773 3080 1091 3150 nonaginta
1150 3096 1248 3135 sex
1280 3081 1569 3147 milliaria,
1639 3082 1943 3138 latitudine
1973 3099 2109 3139 vero

465 3169 535 3224 ad
560 3167 767 3240 viginti
806 3169 1066 3240 quinque
1092 3171 1357 3242 protendi
1398 3171 1716 3229 asserebat.
1757 3173 1898 3228 Huic
1936 3189 2106 3244 porro

465 3259 646 3313 frater
684 3261 824 3325 erat,
906 3259 1122 3314 Iexssus
1170 3261 1426 3316 nomine.
1483 3263 1732 3317 Tandem
1784 3278 1851 3317 ex
1903 3278 2104 3318 eorum

461 3345 744 3418 sanguine
766 3345 1041 3402 mulieres
1073 3348 1199 3402 duze
1234 3348 1452 3404 Maltho
1485 3354 1541 3404 et
1574 3349 1872 3405 Malthana
1902 3355 2108 3406 exortis

459 3440 619 3500 sunt,
679 3452 823 3504 quas
854 3451 968 3491 non
1002 3453 1172 3492 secus
1213 3442 1387 3508 atque
1441 3439 1577 3494 deas
1610 3443 1802 3494 mente
1833 3440 1982 3510 capti
2015 3457 2108 3496 ve-

460 3526 841 3593 nerabantur,
894 3531 951 3581 et
982 3527 1028 3581 si
1078 3544 1192 3598 quo
1225 3526 1748 3597 proficiscerentur,
1811 3529 2105 3598 pulverem

458 3616 672 3680 pedum
725 3631 949 3682 earum,
983 3615 1222 3686 insuper
1254 3620 1309 3670 et
1340 3617 1606 3685 salivam,
1631 3626 1678 3671 et
1711 3621 1906 3688 sputa,
1940 3619 2109 3676 bene-

458 3705 735 3762 dictionis
765 3705 888 3762 loco
920 3705 1031 3760 sibi
1063 3706 1392 3760 sumebant.

769 3832 1042 3888 Haereseos
1074 3831 1433 3904 praecedentis
1465 3835 1789 3903 con/utalia.

533 3957 875 4014 Adamianis
916 3956 993 4024 hi,
1048 3956 1121 4012 ad
1155 3957 1386 4029 nuptias
1431 3961 1487 4014 et
1511 3957 1903 4029 virginitatem
1944 3960 2099 4030 quod

459 4049 686 4114 attinet,
733 4065 801 4104 ex
841 4047 1125 4102 diametro
1176 4052 1523 4120 repugnant,
1575 4048 1818 4120 Utrique
1862 4049 2016 4105 enim
2067 4068 2101 4107 a

457 4137 852 4194 mediocritate
891 4143 946 4192 et
978 4143 1133 4192 recta
1164 4138 1391 4192 ratione
1441 4138 1816 4194 deﬂexerunt.
1853 4139 2098 4211 Nuptias

455 4227 690 4299 quidem
722 4227 1002 4297 Sampsazi
1037 4227 1288 4282 maximo
1321 4227 1380 4281 in
1415 4226 1630 4281 honore
1662 4228 1895 4296 habent,
1925 4245 2096 4285 cunc-

452 4320 662 4387 tosque
710 4315 918 4384 jubent
977 4315 1214 4370 nubere.
1248 4317 1320 4370 At
1373 4314 1766 4386 virginitatem
1829 4318 2095 4374 Adamia-

449 4407 506 4460 ni
567 4422 800 4460 summo
860 4403 1054 4458 studio
1108 4404 1570 4475 prosequendum
1624 4421 1750 4460 esse
1804 4407 1935 4476 rati,
1998 4425 2096 4464 eos

449 4496 580 4549 odio
616 4499 1072 4564 prosequuntur,
1124 4492 1219 4560 qui
1252 4492 1483 4562 nuptias
1534 4495 1906 4566 contrahunt,
1957 4513 2090 4552 cum

2217 1913 2348 1968 dem
2381 1914 2535 1980 exui,
2588 1916 2897 1987 denuoque
2950 1917 3109 1971 indui
3170 1921 3466 1980 asserunt,
3529 1933 3646 1970 non
3703 1931 3880 1970 secus

2215 2008 2391 2072 atque
2441 2020 2473 2058 a
2504 2005 2672 2060 nobis
2710 2005 3080 2072 vestimenta,
3136 2011 3191 2061 et
3239 2024 3270 2060 a
3303 2006 3682 2077 serpentibus
3729 2004 3882 2059 lebeo

2215 2091 2373 2147 rides
2425 2094 2670 2149 decurso
2730 2097 3011 2166 temporis
3042 2096 3230 2166 spatio
3276 2095 3486 2150 solent.
3523 2094 3879 2164 Unigenitus

2217 2181 2373 2236 enim
2405 2181 2502 2237 Dei
2537 2183 2740 2251 Filius,
2775 2200 2905 2239 cum
2932 2185 3174 2239 sitPatri
3203 2190 3548 2252 coaeternus,
3578 2184 3878 2251 uniusque

2215 2275 2274 2326 et
2293 2271 2556 2339 ejusdem
2581 2288 2712 2328 cum
2745 2272 2843 2328 illo
2876 2278 3117 2340 naturae,
3142 2274 3201 2327 in
3227 2274 3450 2328 ultimis
3481 2273 3877 2344 temporibus,

2215 2366 2411 2417 creata
2461 2370 2659 2416 nostra
2691 2370 2898 2417 natura
2927 2362 3137 2418 divine
3176 2364 3443 2418 increataa
3502 2367 3562 2418 et
3591 2379 3750 2433 pura:
3776 2379 3881 2434 per

2217 2449 2558 2522 hypostasin
2592 2451 2773 2521 unita,
2801 2467 3015 2524 corpus
3035 2452 3193 2523 quod
3231 2457 3642 2524 assumpserat
3672 2451 3877 2506 divini-

2217 2539 2354 2594 tatis
2385 2540 2762 2611 dignitatum,
2795 2540 2924 2612 ipsa
2942 2541 3373 2612 conjunctione,
3409 2542 3707 2613 particeps
3737 2542 3877 2596 etre-

2217 2630 2314 2691 cit,
2368 2644 2472 2684 nec
2504 2629 2662 2684 illam
2699 2629 2817 2684 ullo
2876 2647 3138 2701 unquam
3191 2635 3448 2703 tempore
3481 2631 3785 2702 deposuit,
3817 2635 3880 2684 ut

2217 2733 2344 2789 quae
2375 2718 2575 2775 eadem
2608 2727 2763 2774 esset
2791 2735 2925 2773 cum
2955 2734 3022 2774 eo
3056 2720 3208 2792 quod
3245 2719 3532 2787 unixerat,
3571 2720 3697 2775 imo
3724 2735 3876 2787 vero,

2217 2811 2284 2862 ut
2313 2807 2394 2862 ita
2423 2806 2636 2872 dicam,
2686 2806 2943 2878 ὁμόθεος,
2975 2808 3085 2864 hoc
3125 2813 3216 2864 est
3271 2809 3386 2864 Deo
3417 2825 3658 2879 semper
3695 2818 3751 2863 et
3801 2811 3881 2862 in-

2219 2894 2542 2951 dissolubili
2567 2896 2802 2951 vinculo
2833 2898 3168 2967 conjuncta,
3217 2897 3728 2968 quemadmodum
3765 2914 3880 2952 ma-

2217 3001 2370 3056 gnus
2401 2983 2497 3039 ille
2529 2985 2871 3056 theologicis
2901 2986 2960 3040 in
2991 2986 3168 3041 rebus
3199 2985 3518 3058 Gregorius
3546 2993 3756 3041 auctor
3776 2995 3875 3041 est.

2219 3076 2298 3130 Ex
2328 3091 2442 3145 quo
2475 3076 2554 3142 tit,
2613 3081 2680 3130 ut
2709 3075 3054 3147 hypostasin
3089 3075 3246 3130 illam
3281 3093 3408 3146 quas
3439 3090 3512 3130 ex
3565 3078 3878 3132 divinitate

2219 3169 2276 3220 et
2296 3164 2660 3221 humanitate
2685 3164 2936 3220 conﬂata
2963 3170 3076 3228 est,
3106 3180 3260 3220 nunc
3281 3165 3523 3236 quidem
3549 3166 3880 3232 Christum,

2221 3253 2361 3309 item
2413 3259 2592 3310 Deum
2626 3261 2680 3308 et
2724 3253 3208 3323 hominem,item
3237 3259 3418 3310 Deum
3465 3255 3872 3313 incarnatum:

2224 3359 2379 3398 nunc
2459 3359 2594 3398 vero
2649 3342 2831 3399 Deum
2890 3347 3195 3411 duntaxat,
3256 3347 3308 3399 et
3356 3343 3570 3399 Filium
3626 3346 3879 3400 hominis

2221 3432 2482 3502 itemque
2502 3432 2800 3488 hominem
2825 3437 3050 3487 tantum
3077 3433 3471 3488 nominemus.
3508 3434 3628 3492 Nec
3663 3442 3878 3501 tamen,

2223 3537 2356 3576 cum
2388 3527 2570 3577 Deum
2598 3522 2881 3577 duntaxat
2907 3521 3176 3591 dicimus,
3210 3523 3280 3578 ab
3313 3521 3554 3579 homine
3601 3523 3878 3580 illumse-

2222 3627 2517 3682 paramus,
2551 3627 2656 3668 nec
2687 3626 2818 3667 cum
2852 3610 3152 3666 hominem
3185 3615 3414 3667 tantum
3468 3615 3876 3682 nominamus,

2219 3699 2385 3754 illum
2434 3717 2466 3755 a
2503 3701 2804 3757 divinitate
2852 3701 3226 3772 sejungimus
3280 3702 3458 3770 (idem
3508 3705 3667 3759 enim
3719 3711 3880 3763 totus

2218 3790 2394 3860 Deus,
2445 3798 2500 3846 et
2533 3795 2692 3847 totus
2750 3792 2922 3848 homo
2978 3793 3111 3863 est),
3160 3808 3264 3848 nec
3321 3792 3690 3850 divinitatem
3739 3797 3875 3867 qui-

2217 3879 2349 3934 dem
2392 3895 2522 3934 cum
2573 3879 2845 3948 dicimus,
2893 3880 2980 3935 illi
3035 3897 3164 3951 quae
3216 3881 3568 3937 humanitati
3633 3885 3875 3956 propria

2215 3972 2376 4036 sunt,
2422 3969 2660 4025 nomina
2709 3969 3026 4026 tribuimus
3098 3971 3226 4042 (nec
3284 3971 3441 4026 enim
3495 3972 3872 4030 divinitatem

2215 4056 2474 4128 passioni
2523 4059 2857 4127 obnoxiam,
2891 4063 2995 4114 aut
3041 4066 3292 4116 creatam
3333 4059 3627 4130 dicimus),
3680 4077 3876 4132 neque

2214 4150 2417 4201 contra
2473 4148 2700 4216 quoties
2747 4165 2781 4204 a
2841 4147 3011 4204 nobis
3062 4147 3444 4204 humanitatis
3507 4151 3734 4205 mentio
3787 4152 3877 4220 ﬁt,

2213 4252 2341 4292 eam
2425 4235 2748 4293 divinitatis
2807 4237 3261 4309 proprietatibus
3320 4241 3676 4294 decoramus
3746 4240 3871 4308 (nec

2210 4327 2367 4382 enim
2399 4325 2826 4383 humanitatem
2851 4328 3168 4383 increatam
3194 4327 3498 4398 dicimus),
3521 4337 3575 4383 at
3609 4331 3662 4384 si
3697 4331 3872 4386 unius

2210 4416 2590 4487 hypostaseos
2649 4419 2863 4474 mentio
2898 4421 3020 4485 tiat,
3072 4434 3186 4472 non
3214 4419 3312 4486 ita,
3375 4420 3476 4472 sed
3517 4419 3779 4490 ingenue
3821 4429 3875 4475 et

2209 4512 2388 4562 Deum
2442 4508 2744 4575 duntaxat,
2780 4512 2837 4562 et
2870 4508 3167 4563 hominem
3203 4509 3512 4574 duntaxat,
3548 4515 3608 4563 et
3640 4514 3866 4565 utram-

446 4587 642 4638 tamen
697 4582 1065 4671 honorandos
1101 4581 1335 4650 nuptiis,
1392 4583 1731 4654 nuptiisque
1786 4586 2091 4656 virginitas
2127 4599 2168 4663 ι]
2202 4613 2315 4666 que
2346 4597 2705 4666 conjunctim
2735 4597 3031 4652 Christum
3065 4599 3432 4654 conﬁtemur.
3467 4600 3691 4669 Atque,
3725 4617 3868 4671 que-

447 4670 822 4726 antelerenda
872 4671 967 4724 sit.
1028 4669 1276 4742 Utraque
1338 4671 1491 4727 enim
1556 4675 1666 4728 Deo
1720 4681 1883 4743 grata
1929 4682 2087 4731 sunt.

447 4760 713 4817 Christus
745 4759 900 4813 enim
938 4777 970 4813 a
1001 4760 1332 4831 virginitate
1377 4778 1491 4816 non
1523 4763 1772 4831 alienus,
1817 4764 2091 4837 idemque

447 4849 788 4921 nuptiarum
840 4852 1060 4917 auctor,
1114 4850 1415 4919 Quipotest
1471 4866 1682 4922 capere,
1739 4852 1952 4924 inquit,
1997 4871 2090 4910 ca-

442 4943 560 5014 piat
588 4937 631 4994 3.
667 4939 807 4992 item
844 4954 1056 5008 magna
1087 4938 1185 4993 illa
1217 4939 1642 5009 praedicationis
1668 4941 1809 4996 tuba
1850 4944 2084 5014 Paulus,

442 5030 760 5100 virginitati
820 5028 1181 5104 primogenia
1231 5030 1400 5094 dans,
1448 5034 1643 5100 aperte
1673 5029 1907 5086 clamat.
1960 5033 2087 5090 Dico

441 5127 632 5180 autem
673 5139 782 5179 non
812 5123 1000 5194 nuptis
1029 5125 1078 5176 et
1112 5120 1313 5185 viduis,
1367 5119 1564 5173 bonum
1593 5125 1674 5173 est
1731 5119 1872 5186 illis,
1904 5125 1955 5177 si
2006 5123 2087 5179 sic

433 5217 806 5283 permaneant
842 5214 984 5268 sicut
1013 5214 1064 5266 et
1108 5224 1205 5277 ego
1239 5225 1251 5264 :
1285 5207 1375 5263 sed
1403 5209 1452 5262 si
1477 5224 1584 5263 non
1617 5210 1946 5279 contineant,
1977 5229 2083 5268 nu-

432 5303 562 5359 bant
592 5302 635 5358 9.
672 5303 744 5357 Eo
790 5309 985 5358 autem
1011 5297 1167 5370 quod
1200 5314 1299 5368 per
1321 5295 1609 5352 elementa
1633 5297 1860 5366 jurant,
1899 5302 2079 5356 mani-

427 5392 603 5448 festos
635 5409 696 5447 se
727 5393 991 5463 gentium
1037 5387 1363 5443 imitatores
1387 5388 1724 5444 ostendunt.
1763 5389 1879 5445 Illa:
1923 5392 2078 5448 enim

492 5514 514 5550 '
547 5513 753 5569 Matth.
777 5530 894 5582 xix,
923 5513 1010 5569 12.
1087 5513 1108 5548 ⁹
1137 5513 1159 5567 Ι
1187 5514 1318 5568 Cor.
1341 5527 1438 5581 vu,
1466 5511 1521 5582 8,
1543 5514 1596 5568 9.
1677 5513 1724 5548 ¹⁰
1748 5513 1946 5573 Matth.
1979 5532 2034 5588 v,
2067 5518 2159 5577 37.

497 5637 611 5710 (47)
643 5639 854 5694 Euseb.
881 5639 982 5696 lib.
1013 5657 1092 5712 vx,
1123 5658 1246 5713 cap.
1271 5640 1362 5698 27.

2202 4686 2580 4740 madmodum
2615 4691 2765 4741 Deus
2797 4687 3071 4752 Verbum,
3104 4692 3414 4757 antequam
3450 4687 3510 4742 in
3555 4705 3736 4744 cruce
3763 4706 3877 4760 pa-

2197 4777 2436 4840 teretur,
2498 4791 2730 4831 carnem
2779 4793 2949 4847 quam
2983 4777 3096 4832 sibi
3145 4777 3561 4847 conjunctione
3592 4783 3654 4832 et
3699 4795 3863 4834 com-

2199 4864 2474 4920 mistione
2524 4866 2805 4920 ineffabili
2839 4868 3238 4937 conjunxerat,
3272 4867 3628 4922 differentiae
3658 4884 3867 4938 exper-

2196 4957 2311 5008 tem
2345 4954 2720 5010 reddiderat:
2770 4955 2854 5010 ita
2899 4955 3362 5011 immortalitatis
3396 4973 3639 5027 quoque
3685 4960 3868 5028 parti-

2195 5041 2382 5113 cipem
2433 5045 2854 5100 resurrectione
2886 5062 2992 5100 sua
3043 5044 3316 5111 reddidit,
3380 5061 3571 5116 neque
3624 5048 3700 5102 ab
3768 5048 3869 5101 illa

2194 5149 2428 5202 quoquo
2485 5133 2656 5189 modo
2687 5135 2992 5204 sejunctus
3049 5143 3152 5202 est,
3186 5151 3376 5205 neque
3429 5151 3701 5205 unquam
3777 5153 3866 5191 se.

2186 5220 2467 5292 jungatur
2496 5227 2729 5293 propter
2778 5240 3074 5279 summam
3121 5223 3281 5278 illam
3344 5225 3867 5293 conjunctionem,

2193 5309 2559 5380 duplicisque
2651 5316 2872 5368 natura
2959 5329 3327 5378 concursum,
3425 5313 3526 5384 qui
3617 5315 3866 5370 confodi

2191 5397 2352 5455 nullo
2429 5401 2600 5458 modo
2662 5403 2868 5475 possit.
2931 5405 3016 5458 Ita
3072 5402 3132 5457 in
3190 5418 3361 5460 cruce
3432 5404 3742 5475 pependit,
3809 5405 3873 5460 et
