4090 6192
274 394 427 455 1293
1612 397 1710 458 ΤΗ
1723 399 1919 459 ESAU

2065 402 2208 461 LIB.
2258 403 2358 463 IV.

3527 414 3681 475 1294

266 542 444 582 carne
497 540 706 598 passus
737 529 861 581 est:
915 525 997 616 ita
1049 543 1079 583 e
1111 533 1490 585 monumento
1541 531 1792 602 prodiit:
1843 530 1919 585 ita
1950 534 2002 600 Α
2034 532 2132 598 sit,
2167 539 2371 591 contra
2400 539 2555 592 certe
2587 553 2763 609 quam
2795 539 3012 596 Christi
3059 542 3233 598 verba
3265 543 3686 616 demonstrent,

259 617 466 706 januis
516 615 733 672 clausis
783 633 816 671 a
875 615 1182 689 discipulis
1230 618 1414 688 visus,
1467 622 1928 693 eorumdemque
2037 623 2688 693 quibusitaexclamat:
2720 631 2986 700 Vaevobis,
3011 633 3288 692 Pharisaei
3312 635 3688 706 hypocritw‘:

266 705 469 776 digitis
499 709 894 761 contrectatus
939 710 1064 762 est:
1098 707 1180 762 ita
1236 708 1295 764 in
1326 707 1504 764 cmlos
1538 709 1822 775 ascendit,
1871 713 1930 766 et
2037 712 2253 782 quibus
2302 715 2494 772 verbis
2554 717 2841 788 ingratam
2889 735 3017 778 esse
3051 723 3164 779 Deo
3214 705 3550 796 hypocrisin
3600 727 3693 783 in-

263 809 582 849 consessus
632 794 859 866 paterni
913 795 1131 852 honore
1162 801 1438 869 exceptus
1469 803 1596 856 est:
1652 799 1727 854 ita
1759 799 1924 855 deni-

263 901 382 956 que
437 901 671 940 rursum
730 890 1140 955 venturus,et
1196 887 1350 945 vivos
1410 907 1546 946 cum
1607 889 1927 946 incredulis

257 973 636 1044 judicaturus
667 979 773 1030 est.
827 977 1132 1043 Caeterum,
1165 992 1298 1033 cum
1341 978 1626 1034 Dominus
1676 980 1803 1050 ipse
1832 977 1926 1034 di-

267 1066 393 1118 cat:
428 1063 618 1118 Omnis
637 1077 764 1134 ergo
787 1062 884 1135 qui
901 1065 1250 1134 conﬁtebitur
1269 1083 1356 1122 me
1377 1083 1560 1123 coram
1582 1067 1925 1136 hominibus,

263 1152 561 1222 conﬁtebor
603 1160 654 1206 et
703 1168 799 1221 ego
847 1169 973 1209 eum
1024 1170 1209 1210 coram
1257 1157 1423 1212 Patre
1467 1172 1623 1214 meo:
1676 1160 1774 1228 qui
1821 1173 1922 1212 au-

265 1245 376 1296 tem
427 1243 645 1309 negarit
700 1258 788 1296 me
842 1259 1030 1299 coram
1077 1243 1414 1312 hominibus,
1472 1246 1683 1317 negabo
1731 1252 1784 1302 et
1830 1262 1924 1316 ego

261 1332 426 1386 illum
452 1347 640 1388 coram
670 1333 886 1400 angelis
917 1333 1102 1388 Patris
1133 1335 1261 1400 mei,
1297 1337 1393 1404 qui
1439 1335 1501 1390 in
1536 1337 1679 1390 caelis
1707 1342 1785 1391 est
1836 1336 1877 1370 “
1907 1350 1920 1402 ;

262 1421 406 1476 item
436 1436 450 1484 ;
483 1420 586 1486 Qui
612 1424 1042 1492 perseveraverit
1089 1438 1266 1494 usque
1293 1425 1352 1478 in
1387 1424 1570 1494 ﬁnem,
1603 1427 1692 1480 hic
1739 1425 1923 1480 salvus

263 1511 372 1566 erit
404 1513 491 1564 12:
524 1511 621 1582 qui
665 1512 786 1567 ﬁeri
841 1517 1056 1584 potest,
1106 1518 1169 1567 ut
1201 1515 1478 1586 Sampsai
1531 1530 1768 1586 peccare
1823 1531 1921 1570 ne-

266 1606 518 1673 gentur,
577 1618 710 1657 cum
786 1602 1213 1674 persecutionis
1293 1607 1553 1675 tempore
1631 1603 1922 1659 idolorum

265 1690 486 1746 cultum
543 1691 930 1761 permittunt?
984 1693 1246 1747 Mutuum
1281 1693 1436 1748 enim
1487 1693 1680 1748 cordis
1710 1697 1768 1748 et
1812 1693 1923 1748 lin-

265 1795 392 1851 guas
441 1795 793 1835 consensum
826 1795 954 1836 esse
1005 1787 1252 1851 Oportet,
1287 1787 1458 1852 atque
1502 1781 1648 1838 illud
1682 1782 1921 1854 quidem

265 1868 510 1924 interius
570 1869 846 1940 pietatem
895 1872 1210 1941 parturire,
1263 1871 1413 1927 hanc
1467 1888 1601 1928 vero
1653 1873 1916 1928 eamdem

265 1974 460 2014 coram
493 1959 565 2014 iis
613 1959 890 2031 proﬁteri,
946 1960 1046 2031 qui
1101 1960 1390 2017 diversam
1439 1979 1471 2016 a
1522 1962 1690 2018 nobis
1743 1963 1918 2018 ﬁdem

263 2048 716 2118 amplectuntur,
754 2050 906 2120 quod
939 2053 1131 2105 autem
1170 2050 1262 2121 pio
1293 2051 1414 2106 viro
1447 2051 1530 2106 ita
1585 2051 1917 2106 faciendum

263 2137 361 2204 sit,
393 2139 567 2194 verba
619 2137 716 2193 illa
748 2155 875 2209 quin
911 2155 1009 2208 per
1062 2140 1406 2210 prophetam
1464 2142 1613 2196 Deus
1660 2156 1918 2211 pronun-

259 2226 372 2282 tiat
424 2231 798 2282 attestantur.
859 2229 1100 2300 Populus
1154 2228 1246 2284 hic
1306 2227 1475 2284 labiis
1522 2245 1608 2285 me
1665 2230 1914 2296 honorat,

261 2331 356 2372 cor
409 2321 594 2372 autem
639 2333 828 2373 eorum
881 2319 1041 2387 longe
1089 2323 1163 2374 est
1195 2337 1228 2374 a
1288 2335 1373 2375 me
1431 2318 1495 2374 ‘3.
1553 2321 1624 2375 Et
1681 2321 1916 2392 Paulus,

261 2407 438 2462 corde
469 2407 701 2478 quidem
745 2407 920 2476 credi,
955 2424 1051 2463 ore
1083 2418 1274 2464 autem
1327 2409 1756 2466 confessionem
1793 2409 1915 2465 ﬁeri

273 2501 477 2551 auctor
505 2500 612 2552 est.

339 2587 589 2658 Insuper
616 2601 748 2641 eum
799 2587 1085 2660 Spiritum
1119 2594 1384 2644 sanctum
1430 2588 1644 2644 Christi
1678 2589 1915 2644 fratrem

272 2675 598 2742 nominant,
657 2675 813 2731 haud
879 2676 1054 2733 dubie
1100 2681 1421 2749 nugantur,
1471 2678 1919 2748 satanicumque

266 2765 634 2820 mendacium
694 2766 1012 2836 proferunt.
1047 2766 1278 2823 Fratres
1319 2768 1474 2823 enim
1527 2767 1705 2823 simili
1751 2784 1916 2839 pror-

265 2870 394 2909 sum
429 2855 601 2909 modo
653 2871 684 2909 a
737 2855 1080 2926 parentibus
1122 2855 1182 2910 in
1230 2872 1422 2912 rerum
1470 2861 1739 2912 naturam
1775 2874 1916 2929 pro-

266 2944 506 2999 cedunt.
542 2946 611 2998 At
659 2943 718 2998 in
752 2943 982 3000 Christo
1031 2948 1089 2999 et
1113 2945 1331 3015 Spiritu
1377 2945 1813 3016 generationem
1862 2951 1920 3002 et

265 3051 604 3107 processum
632 3051 664 3090 a
689 3035 853 3091 Patre
875 3035 1194 3092 didicimus
1217 3040 1274 3092 et
1298 3036 1706 3107 praedicamus.
1732 3040 1918 3109 Atque

258 3125 512 3196 Spiritus
563 3123 800 3196 quidem
850 3125 1190 3180 substantia
1235 3125 1397 3180 nullo
1459 3127 1628 3182 modo
1678 3143 1916 3182 mensu-

257 3216 464 3272 rabilis
495 3222 602 3283 est,
638 3220 700 3270 ut
731 3233 858 3288 quae
903 3217 1300 3272 dimensiones
1333 3234 1537 3273 omnes
1582 3223 1914 3290 exsuperet,

252 3309 532 3376 tanquam
552 3306 790 3361 materia
810 3305 1078 3377 quazdam
1095 3322 1224 3376 qua:
1241 3307 1481 3361 materia
1501 3307 1804 3378 formaque
1826 3323 1914 3364 ca-

255 3401 398 3450 reat.
417 3394 684 3450 Christus
699 3395 1064 3466 autem,quia
1082 3411 1314 3450 carnem
1333 3395 1678 3467 assumpsit,
1705 3403 1918 3453 morta-

259 3485 495 3556 lemque
555 3486 800 3540 formam
860 3485 1062 3554 subiit,
1095 3484 1312 3540 idcirco
1364 3485 1487 3541 loco
1545 3485 1916 3543 circumscri-

262 3581 422 3647 ptus,
497 3591 721 3630 necnon
779 3574 928 3629 visui
979 3574 1275 3645 tactuique
1323 3575 1620 3647 expositus
1677 3579 1797 3645 est,
1843 3577 1914 3631 ad

261 3664 489 3734 justum
525 3664 776 3735 denique
806 3663 992 3719 astatis
1033 3664 1348 3719 terminum
1388 3663 1686 3734 pervenit:
1719 3665 1798 3720 ita
1830 3669 1915 3720 ta-

268 3769 404 3809 men
436 3761 496 3808 ut
524 3770 638 3809 non
674 3753 944 3809 omnibus
978 3752 1211 3825 punctis
1244 3753 1668 3810 extenderetur.

335 3843 636 3909 Quomodo
669 3842 824 3898 enim
857 3843 914 3898 in
957 3859 1128 3898 cruce
1159 3848 1428 3899 mortuus
1485 3849 1586 3899 aut
1617 3843 1676 3898 in
1709 3860 1920 3900 monu-

257 3937 478 4002 mento,
535 3931 688 4003 quod
741 3931 852 3987 sibi
903 3931 1014 4003 ipsi
1063 3931 1357 4003 Josephus
1407 3930 1601 4003 lapide
1653 3940 1917 3988 constru-

254 4030 440 4092 xerat,
475 4020 744 4092 sepultus
776 4021 1002 4090 fuisset,
1037 4021 1089 4076 si
1111 4022 1181 4076 ad
1210 4021 1437 4091 jugeris
1469 4025 1524 4076 et
1553 4021 1726 4076 stadii
1753 4037 1912 4076 men-

260 4127 461 4166 suram
506 4109 867 4176 accrevisset,
919 4116 1088 4181 atque
1119 4110 1188 4164 ad
1237 4109 1582 4164 immensam
1618 4109 1734 4164 fere
1783 4109 1914 4165 lon-

258 4202 616 4272 gitudinem,
648 4207 702 4256 et
743 4199 1170 4272 longitudinem
1205 4197 1498 4254 latitudini
1555 4199 1915 4270 responden-

262 4298 384 4346 tem
419 4295 731 4361 protensus
765 4290 990 4345 fuisset.

342 4380 486 4443 Quia
528 4397 662 4436 vero
710 4379 866 4450 ipsas
915 4395 1144 4451 quoque
1193 4377 1466 4433 mulieres
1508 4377 1708 4449 gentili
1761 4393 1920 4434 more

269 4470 517 4525 deorum
542 4485 785 4524 numero
810 4468 1243 4537 adscribebant,
1273 4466 1685 4538 pulveremque
1709 4469 1920 4539 pedum

251 4575 471 4615 .earum
505 4566 559 4614 et
603 4557 844 4614 salivam
878 4563 1162 4629 tanquam
1195 4557 1518 4612 salutarem
1545 4557 1918 4628 expetebant,

2038 801 2213 858 dicat.

2661 919 2814 970 CAP.
2849 917 3048 973 XXVI.

2217 1015 2476 1075 Vicesima
2510 1025 2665 1076 sexta
2696 1022 2942 1090 haeresis,
2977 1025 3495 1084 Theodotianorum.

2618 1095 2687 1148 Hi
2717 1095 3091 1166 baptizantur.

2105 1195 2416 1267 Byzantius
2447 1198 2703 1269 quidam,
2739 1203 2972 1258 nomine
3005 1205 3360 1272 Theodotus,
3401 1211 3522 1264 arte
3555 1210 3687 1280 qui-

2033 1281 2164 1338 dem
2210 1286 2512 1354 coriarius,
2572 1293 2629 1343 at
2673 1289 3004 1347 Graecorum
3056 1293 3400 1366 disciplinas
3451 1298 3520 1352 ad
3575 1315 3687 1354 una

2032 1388 2202 1443 guem
2247 1375 2466 1430 callens
2502 1377 2592 1432 his
2626 1395 2837 1435 nomen
2889 1381 3190 1452 imposuit,
3226 1385 3323 1456 qui
3373 1386 3684 1455 cujusdam

2033 1463 2454 1531 persecutionis
2515 1470 2775 1538 tempore
2825 1472 3158 1527 carceribus
3201 1473 3468 1530 detentus
3521 1476 3687 1531 Chri-

2032 1557 2186 1604 stum
2219 1552 2546 1622 abnegavit.
2577 1557 2702 1620 Qua
2733 1557 2804 1611 de
2829 1573 2998 1612 causa
3029 1575 3161 1613 cum
3195 1562 3514 1618 multorum
3549 1580 3687 1620 con-

2031 1637 2194 1693 viciis
2246 1647 2298 1694 et
2355 1643 2685 1712 opprobriis
2734 1643 3139 1712 lacesseretur,
3192 1648 3324 1704 inde
3374 1652 3688 1722 aufugiens

2031 1730 2275 1782 Romam
2312 1729 2604 1798 profectus
2636 1736 2744 1798 est,
2779 1733 2879 1787 ubi
2920 1751 3050 1789 cum
3099 1736 3276 1790 etiam
3323 1737 3684 1809 innotuisset,

2034 1833 2138 1872 nec
2198 1817 2524 1874 minoribus
2585 1822 2916 1892 opprobriis
2963 1828 3356 1896 appeteretur,
3388 1826 3686 1884 Christum

1951 1908 1996 1970 Β
2031 1906 2254 1961 nudum
2289 1915 2336 1961 et
2373 1907 2702 1978 simplicem
2726 1909 3027 1966 hominem
3050 1929 3178 1968 esse
3207 1915 3463 1985 proﬁteri
3487 1919 3684 1988 coepit,

2029 1997 2232 2066 utique
2263 2001 2327 2051 ut
2380 2013 2652 2054 excusare
2684 2000 2900 2055 factum
2946 2018 3118 2056 suum
3151 2009 3368 2073 posset,
3421 2006 3518 2075 qui
3577 2007 3682 2061 ho-

2029 2085 2272 2152 minem,
2312 2103 2424 2140 non
2459 2087 2662 2156 Deum,
2695 2090 3084 2162 abnegasset:
3121 2091 3345 2164 hacque
3377 2096 3520 2150 adeo
3553 2113 3686 2167 apo-

2025 2172 2180 2245 logia
2239 2177 2534 2230 utebatur.
2569 2177 2714 2231 Nam
2772 2179 2861 2232 vel
2920 2179 3045 2250 ipse
3097 2180 3362 2237 Christus
3412 2183 3680 2249 dicebat,

2027 2263 2179 2317 Nunc
2225 2273 2410 2318 autem
2462 2281 2546 2319 me
2598 2268 2854 2337 qumritis
2904 2269 3208 2338 inter/icere
3267 2270 3540 2325 hominem
3590 2275 3686 2343 qui

2027 2353 2308 2406 veritatem
2353 2354 2565 2408 loeutus
2611 2372 2734 2409 sum
2783 2357 2931 2410 vobis
2992 2358 3053 2410 ⁸⁵.
3089 2358 3252 2424 Item,
3301 2359 3363 2415 Si
3391 2361 3514 2431 quis
3560 2377 3682 2415 ver-

2027 2438 2154 2494 bum
2183 2445 2374 2496 contra
2404 2443 2608 2497 Filium
2633 2446 2875 2499 hominis
2905 2445 3139 2514 dixerit,
3171 2447 3490 2502 remittetur
3533 2450 3586 2504 ei
3620 2449 3688 2524 ιθ,

2023 2534 2269 2602 Insuper
2315 2532 2564 2602 apostoli
2611 2550 2843 2605 quoque
2890 2533 3182 2603 dicebant,
3232 2537 3418 2593 Virum
3451 2537 3546 2609 qui
3595 2540 3689 2594 in-

2027 2626 2111 2673 ter
2141 2635 2230 2674 vos
2258 2619 2440 2690 signis
2469 2627 2522 2678 et
2548 2623 2829 2694 prodigiis
2861 2625 3126 2680 inclaruit
3153 2624 3218 2683 ‘7.

2349 2740 2623 2796 Haereseos
2649 2740 3007 2812 przecedentis
3037 2744 3357 2813 confutatio.

2097 2856 2158 2912 Si
2204 2856 2467 2912 Christus
2511 2855 2686 2912 homo
2738 2858 2933 2913 nudus
2978 2857 3340 2932 simplexque
3389 2859 3486 2928 sit,
3539 2862 3678 2918 ado-

2026 2949 2246 3002 ratores
2278 2945 2534 3002 hominis
2567 2945 2723 3002 haud
2757 2947 2933 3003 dubie
2962 2965 3210 3016 sumus;
3263 2950 3416 3019 quod
3467 2950 3517 3005 si
3565 2950 3678 3006 ho-

2026 3034 2244 3090 minem
2302 3036 2630 3100 adoremus,
2667 3036 2834 3108 pejus
2889 3054 3066 3108 quam
3104 3041 3278 3094 antea
3327 3038 3672 3109 deliramus,

2027 3124 2076 3180 si
2131 3123 2338 3180 saltem
2396 3124 2538 3181 olim
2601 3125 2837 3195 quidem
2898 3143 3012 3197 prae
3075 3126 3404 3198 ignorantia
3455 3129 3680 3187 cultum

2029 3212 2292 3269 divinum
2353 3212 2660 3270 elementis
2719 3215 3162 3284 cxhibebamus,
3221 3233 3348 3287 quis
3397 3217 3682 3274 hactenus

2032 3303 2234 3359 eodem
2269 3319 2331 3358 se
2365 3305 2536 3359 modo
2568 3303 2924 3375 habuerunt,
2960 3322 3113 3361 nunc
3166 3322 3299 3362 vero
3330 3307 3464 3362 data
3511 3324 3688 3379 opera

2033 3396 2089 3448 et
2120 3391 2290 3448 nobis
2322 3393 2541 3449 conscii
2577 3393 2636 3449 in
2686 3393 2946 3461 homine,
2996 3395 3097 3467 qui
3127 3411 3360 3452 servare
3391 3413 3504 3452 non
3555 3413 3688 3468 pos-

2033 3481 2157 3546 sit,
2217 3498 2352 3553 spes
2410 3487 2641 3540 nostras
2709 3484 3052 3555 reponimus
3088 3528 3103 3542 .
3163 3487 3350 3557 Atque
3409 3485 3690 3542 Christia-

2033 3570 2266 3627 nismus
2299 3572 2354 3626 in
2390 3577 2690 3644 posterum
2715 3573 3027 3630 manifesto
3059 3578 3404 3631 cunctorum
3435 3574 3688 3632 ludibrio

2033 3664 2355 3732 exponetur
2411 3677 2529 3716 una
2586 3677 2720 3718 cum
2771 3663 3204 3718 narrationibus
3261 3663 3380 3718 illis
3435 3662 3637 3718 multis
3670 3707 3684 3735 ,

2033 3748 2237 3812 miris,
2300 3749 2540 3805 omnino
2600 3749 2814 3806 divinis
2869 3767 2993 3821 quea
3052 3751 3122 3806 de
3178 3750 3302 3820 ipso
3374 3749 3683 3807 circumfe-

2032 3842 2263 3894 runtur.

2101 3931 2218 3983 Nec
2276 3930 2468 3983 tamen
2528 3926 2765 3983 interim
2820 3928 3013 3983 nudus
3072 3927 3248 3984 homo
3307 3931 3363 3983 et
3433 3928 3682 4002 simplex

2031 4017 2299 4072 Christus
2343 4020 2452 4081 est,
2508 4016 2609 4072 sed
2663 4015 2764 4070 Dei
2824 4015 3028 4086 Filius,
3087 4023 3142 4072 et
3197 4018 3400 4073 Sermo
3459 4035 3558 4089 per
3617 4036 3680 4078 se

2031 4105 2404 4172 subsistens,
2459 4103 2560 4174 qui
2612 4120 2868 4160 massam
2916 4110 3177 4162 nostram
3229 4107 3574 4180 assumpsit,
3625 4112 3683 4166 et

2031 4210 2163 4252 cum
2220 4193 2562 4248 hominibus
2602 4192 2661 4248 in
2708 4210 2939 4264 corpore
2987 4200 3364 4252 conversatus
3395 4204 3501 4253 est.
3561 4199 3683 4254 Cm-

2031 4289 2220 4340 terum
2272 4282 2562 4350 Christus,
2596 4283 2696 4354 qui
2749 4289 3031 4353 tanquam
3062 4301 3125 4339 ex
3183 4285 3402 4356 duplici
3449 4291 3680 4356 natura,

2032 4389 2148 4429 non
2196 4375 2390 4427 autem
2439 4371 2740 4443 bypostasi
2790 4373 3170 4443 compositus,
3222 4373 3344 4428 hinc
3389 4375 3448 4429 in
3495 4375 3683 4432 Evan-

2031 4460 2200 4534 geliis
2233 4460 2353 4515 ait:
2405 4461 2561 4515 Nunc
2589 4465 2779 4514 autem
2830 4463 3083 4531 quaeritis
3111 4477 3200 4517 me
3228 4461 3552 4533 interﬁcere,
3585 4464 3684 4520 ho-

2033 4550 2241 4606 minem
2290 4551 2386 4620 qui
2444 4552 2737 4605 veritatem
2771 4549 2984 4605 locutus
3021 4567 3144 4606 sum
3196 4552 3348 4608 vobis
3383 4553 3446 4607 ¹⁸.
3495 4555 3680 4609 Item:

265 4647 430 4720 digni
464 4652 622 4712 sunt,
659 4647 760 4718 qui
792 4650 1166 4719 respuantur,
1209 4651 1383 4718 atque
1412 4647 1590 4717 hujus
1624 4646 1841 4702 erroris
1862 4650 1919 4702 et
1954 4633 1995 4696 D
2029 4642 2202 4696 Filius
2241 4639 2459 4710 quidem
2517 4640 2780 4707 hominis,
2839 4639 3137 4696 secundum
3194 4642 3335 4712 quod
3391 4643 3682 4713 deﬁnitum

266 4738 613 4809 imposturse
648 4737 883 4792 nomine
924 4735 1187 4791 omnium
1224 4735 1477 4791 maxime
1521 4736 1749 4791 ridiculi
1785 4752 1922 4792 cen-

268 4831 827 4898 seantur,tanquam
860 4825 1160 4882 cerebrum
1194 4826 1252 4879 in
1287 4824 1574 4880 calcaneis
1605 4830 1922 4897 gestantes,

271 4921 331 4973 et
361 4916 513 4973 circa
543 4916 642 4972 illa
693 4915 983 4988 occupati,
1015 4932 1381 4987 quiscunque
1424 4931 1663 4987 serpens
1694 4915 1790 4970 ille
1823 4915 1922 4970 de-

269 5013 499 5079 sputor,
531 5011 587 5062 et
619 5006 715 5076 qui
765 5004 1056 5061 virulenta
1095 5021 1235 5060 voce
1265 5006 1435 5060 Evam
1498 5005 1762 5077 appetiit,
1795 5009 1926 5060 tan-

271 5099 526 5167 demque
553 5097 974 5152 condcmnatus
1006 5099 1110 5164 est,
1146 5099 1211 5150 ut
1258 5109 1436 5166 super
1466 5099 1668 5166 pectus
1703 5100 1761 5150 et
1789 5111 1924 5151 ven-

268 5193 420 5243 trem
455 5191 700 5259 reperet,
755 5191 1040 5258 terrasque
1085 5186 1322 5259 pulvere
1370 5189 1722 5256 vesceretur,
1772 5185 1926 5241 anti-

273 5294 394 5349 qua
441 5277 728 5350 hypocrisi
780 5293 890 5333 sua
937 5276 1090 5332 inter
1137 5276 1244 5332 hos
1289 5291 1520 5349 quoque
1565 5275 1926 5330 introduxit:

2035 4737 2132 4794 est,
2182 4728 2374 4790 vadit;
2421 4732 2792 4784 verumtamen
2842 4743 2928 4786 vae
2977 4730 3191 4786 homini
3244 4730 3337 4786 illi
3381 4747 3480 4800 per
3525 4747 3686 4804 quem

2037 4820 2286 4876 tradetur
2333 4819 2400 4876 ‘9.
2459 4819 2751 4888 Christus,
2810 4820 3076 4892 inquam,
3109 4821 3190 4878 ita
3239 4822 3299 4878 in
3358 4823 3686 4894 Evangeliis

2038 4912 2229 4966 dicere
2261 4909 2752 4982 deprehenditur:
2789 4916 2964 4967 Pater
2987 4913 3236 4982 clari/ica
3266 4913 3474 4967 Filium
3504 4917 3684 4979 tuum,

2035 5005 2100 5059 ut
2136 5011 2192 5056 et
2219 5000 2394 5056 Filius
2437 5007 2560 5055 tuus
2587 5000 2860 5070 clari/lcet
2900 5005 2950 5055 te
2990 5001 3054 5055 ³ο.
3092 5003 3229 5056 Item
3255 5018 3273 5055 :
3302 5001 3558 5070 Clariﬁca
3603 5016 3691 5056 me

2037 5091 2340 5155 claritate,
2400 5106 2564 5160 quam
2623 5088 2802 5143 habui
2848 5088 3007 5159 prius
3059 5105 3222 5159 quam
3270 5089 3511 5143 mundus
3554 5093 3690 5144 esset

2039 5181 2192 5253 apud
2222 5185 2274 5236 te
2305 5180 2374 5233 ²¹.
2424 5181 2607 5234 Item:
2662 5179 2770 5245 Qui
2807 5177 2948 5233 videt
2991 5193 3099 5246 me,
3147 5177 3294 5232 videt
3343 5185 3392 5233 et
3441 5180 3685 5234 Patrem.

2040 5272 2182 5328 Item
2211 5286 2225 5324 :
2277 5273 2386 5337 Ego
2417 5267 2477 5321 in
2509 5268 2694 5335 Patre,
2727 5272 2777 5321 et
2809 5267 2997 5332 Pater,
3025 5267 3084 5320 in
3130 5282 3216 5322 me
3240 5266 3302 5320 εί.
3340 5265 3444 5322 Illa
3475 5267 3546 5322 ad
3580 5267 3690 5321 hu-

275 5384 452 5439 quam
513 5367 746 5438 quidem
806 5367 1141 5441 hypocrisin
1188 5367 1408 5423 honore
1461 5367 1636 5422 etiam
1691 5367 1929 5436 dignam
2042 5358 2406 5424 manitatem,
2471 5354 2590 5409 haec
2659 5354 2731 5408 ad
2787 5353 3154 5408 divinitatem
3208 5355 3512 5410 referenda
3555 5359 3694 5410 sunt

277 5455 434 5528 apud
467 5469 530 5510 se
578 5460 872 5527 reputant,
907 5461 971 5512 ut
1002 5473 1128 5528 quae
1161 5454 1322 5511 nulla
1348 5471 1590 5527 prorsus
1620 5455 1678 5510 in
1711 5453 1934 5510 ollensa

2044 5444 2518 5522 quandoquidem
2569 5442 2783 5514 duplex
2835 5450 2995 5512 erat,
3047 5442 3269 5498 ratione
3300 5459 3535 5514 quoque
3583 5443 3692 5498 du-

354 5582 397 5620 “
432 5583 638 5640 Matth.
672 5600 728 5654 x,
760 5585 850 5651 32,
905 5584 994 5640 33.
1073 5583 1116 5618 ¹¹
1156 5582 1388 5651 Matth.,
1427 5598 1579 5652 xxiv,
1643 5583 1730 5639 13.
1812 5580 1857 5617 ¹³
1891 5581 1919 5654 ΑΖ

2040 5620 2060 5654 ι
2096 5590 2268 5654 _xxix,
2303 5571 2392 5628 43.
2453 5570 2668 5654 ῙγξιιιηιΖ
2693 5587 2786 5654 xv.
2846 5569 2934 5625 43.
3014 5569 3320 5654 ίίΛΜξμὶι.
3379 5586 3541 5639 xxm,
3605 5569 3692 5654 ill.

279 5655 328 5728 9⁵
375 5655 544 5728 Joan.
577 5641 850 5728 νιιι,’40,’
896 5657 944 5728 ξε
974 5660 1111 5728 Luc.
1143 5671 1242 5728 xu,
1281 5641 1387 5714 1οί
1450 5655 1491 5691 ³⁷
1521 5641 1714 5712 Actor.
1749 5670 1813 5724 ιι,
1847 5652 1916 5708 99

2037 5649 2062 5684 ⁸
2087 5649 2256 5708 Joan.
2298 5659 2420 5712 vm,
2454 5643 2546 5699 40.
2624 5643 2668 5681 ¹⁹
2698 5641 2836 5699 Luc.
2868 5658 3010 5714 xxxx,
3032 5642 3104 5696 22
3176 5641 3223 5678 ³ο
3268 5642 3434 5701 Joan.
3466 5658 3603 5711 XVII,
3641 5643 3692 5699 1.

275 5726 318 5764 ²¹
357 5727 503 5784 lbid.
533 5729 588 5786 5.
621 5727 670 5763 ²²
701 5728 856 5786 Ibid.
887 5726 944 5801 9,
979 5727 1066 5784 10.
