4058 6212
432 370 586 430 1295

1745 359 2065 423 NICETIE
2105 357 2524 424 ΟΗΟΝΙΑΤΛΕ

3693 352 3842 416 1296

430 504 600 576 plicis
633 504 852 557 naturae
881 501 1056 556 homo
1090 499 1280 555 solum
1332 497 1564 565 dicitur,
1598 500 1654 553 et
1705 496 1886 551 Filius
1936 495 2076 563 Dci;
2110 495 2164 561 Α
2194 492 3279 568 tiunt.NoetusenimpatriaEphcsius
3301 489 3849 548 unumeteumdem

434 595 598 661 item,
633 593 886 647 Verbum
921 589 1043 652 Dei,
1076 594 1131 645 et
1162 589 1448 644 Dominus
1482 587 1696 657 gloriae.

505 685 779 739 Caeterum
837 681 954 734 haec
985 681 1181 746 verba,
1231 679 1340 746 Qui
1367 677 1573 732 dixerit
1622 678 1846 731 verbum
1893 679 2079 730 contra

432 774 640 830 Filium
670 772 931 839 hominis,
952 771 1261 824 remittetur
1282 770 1337 822 ei
1362 786 1373 834 ;
1401 767 1801 837 blasphemanti
1822 770 2001 820 autem
2021 763 2080 818 in

435 862 706 934 Spiritum
743 865 998 916 sanctum
1019 875 1126 914 non
1151 859 1464 913 remittetur
1486 872 1658 927 neque
1681 857 1736 910 in
1762 861 1858 910 hoc
1882 853 2082 910 saeculo

433 969 607 1023 neque
635 953 690 1006 in
721 956 912 1022 futuro
945 950 1011 1018 ³³,
1045 949 1128 1003 sic
1163 947 1505 1019 accipienda
1537 950 1694 1000 sunt.
1730 943 2004 999 Pharisaei
2026 946 2083 997 et

431 1043 646 1100 Scribze
678 1057 811 1096 cum
844 1040 1136 1111 stupenda
1180 1036 1386 1093 Christi
1435 1033 1718 1090 miracula
1752 1049 1946 1088 coram
1992 1032 2082 1086 in-

431 1135 762 1197 tuerentur,
789 1146 921 1185 cum
946 1128 1046 1184 illa
1068 1127 1167 1183 Dei
1192 1127 1468 1199 operibus
1495 1139 1820 1191 accensere,
1850 1123 1907 1176 in
1928 1137 2084 1178 eum-

437 1238 550 1294 que
583 1221 812 1276 credere
848 1218 1214 1287 debuissent,
1249 1235 1281 1270 a
1321 1234 1435 1287 quo
1466 1215 1699 1282 ﬁebant,
1734 1212 1952 1268 invidia
1982 1227 2080 1282 po-

432 1312 552 1366 tius
585 1309 730 1365 moti
754 1324 886 1364 eum
921 1308 981 1364 in
1013 1305 1352 1362 Beelzebule
1376 1303 1636 1377 principe
1668 1300 2083 1358 daemoniorum

435 1398 622 1455 malos
654 1397 898 1470 spiritus
940 1395 1148 1466 ejicere
1180 1395 1470 1449 dicebant.
1527 1394 1652 1464 Ipse
1685 1407 1819 1446 vero
1849 1389 2083 1445 illorum

436 1489 787 1545 dementiam
851 1486 941 1542 his
974 1485 1148 1540 dictis
1206 1483 1555 1556 parabolicis
1589 1481 1752 1552 prius
1807 1495 2083 1551 arguens,

434 1583 603 1634 Nemo
621 1584 797 1648 potest
829 1592 955 1630 vasa
987 1575 1152 1645 fortis
1180 1574 1460 1641 ingressus
1489 1573 1542 1625 in
1567 1572 1790 1625 domum
1820 1569 2084 1638 diripere,

433 1669 546 1722 nisi
571 1669 729 1737 prius
759 1669 965 1735 fortem
996 1665 1190 1733 alliget
1221 1662 1286 1732 εδ,
1316 1662 1530 1732 quibus
1564 1677 1634 1714 ne
1667 1660 1928 1730 seipsum
1963 1658 2086 1728 qui-

435 1760 567 1814 dem
589 1759 881 1812 daemones
901 1756 1422 1824 increpaturum,et
1447 1752 1785 1822 corporibus
1805 1749 2084 1805 humanis

2191 605 2318 644 esse
2341 606 2455 644 non
2488 589 2617 644 sine
2640 585 3006 659 blasphemia
3027 582 3442 651 contendebat,
3471 581 3570 651 qui
3600 580 3855 645 Pater,et

2190 678 2392 745 Filius,
2417 683 2474 733 et
2503 677 2758 750 Spiritus
2790 679 3030 733 sanctus
3062 673 3298 738 dicitur,
3333 675 3688 740 Patremque
3719 685 3854 739 pas-

2191 784 2324 823 sum
2358 783 2620 824 asserere
2650 766 2924 822 audebat.
2949 764 3130 834 Cujus
3152 760 3531 832 blasphemia
3557 775 3693 831 ergo
3715 775 3854 830 quo-

2190 857 2299 913 ties
2332 858 2777 930 objurgabatur,
2795 853 2941 911 nihil
2976 869 3039 910 se
3062 853 3196 908 mali
3219 853 3587 907 committere
3610 864 3855 920 respon-

2190 950 2380 1018 debat,
2414 948 2555 1019 quia
2575 962 2758 1003 uuum
2785 946 2969 1002 Deum
2993 948 3255 1011 noverat,
3281 943 3385 1014 qui
3408 947 3850 1015 natus.passus,

2190 1043 2248 1094 et
2279 1041 2546 1094 mortuus
2589 1040 2765 1093 esset.
2803 1035 3002 1106 Inquit
3031 1034 3210 1102 enim,
3246 1032 3480 1088 dicebat
3510 1032 3632 1099 ille,
3696 1031 3851 1086 Deus

2192 1128 2266 1184 ad
2297 1127 2559 1183 Mosam:
2603 1131 2714 1196 Ego
2763 1127 2905 1182 Deus
2959 1123 3198 1196 primus,
3255 1125 3376 1192 Ego
3428 1126 3479 1178 et
3534 1129 3720 1194 postea
3777 1119 3844 1177 '7.

2193 1218 2358 1286 Item,
2391 1217 2508 1272 Non
2549 1215 2777 1272 habebis
2816 1214 2940 1271 deos
2970 1215 3182 1270 alienos
3211 1212 3280 1268 ²⁸.
3317 1210 3570 1267 Proinde
3603 1211 3654 1266 si
3681 1210 3846 1266 Chri-

2193 1310 2322 1361 stus
2341 1305 2398 1360 in
2423 1307 2707 1361 mundum
2720 1303 2962 1360 veniens
2985 1306 3162 1358 natus
3184 1305 3293 1368 est,
3318 1299 3471 1356 idem
3492 1315 3739 1372 prorsus
3763 1304 3849 1356 est

2193 1401 2380 1463 Pater,
2395 1396 2548 1452 idem
2569 1395 2774 1464 Filius,
2789 1395 2940 1450 idem
2964 1393 3217 1464 denique
3235 1391 3689 1463 Deusunus,qui
3709 1408 3851 1447 sem-

2192 1501 2295 1555 per
2325 1490 2432 1554 est,
2466 1489 2522 1541 et
2555 1501 2710 1540 nunc
2740 1483 2914 1540 venit.
2938 1485 3000 1538 In
3036 1483 3316 1539 haereseos
3347 1485 3542 1537 autem
3575 1498 3697 1536 sua:
3722 1497 3856 1536 cou-

2193 1575 2587 1631 firmationem
2620 1575 2804 1630 sacris
2825 1590 2856 1629 e
2885 1573 3116 1629 Litteris
3136 1573 3565 1644 depromptum,
3583 1571 3708 1627 haec
3728 1587 3856 1643 pro-

2193 1664 2425 1736 phetica
2471 1667 2809 1735 detorquere
2840 1663 3200 1720 conabatur:
3242 1664 3338 1717 llic
3367 1666 3446 1718 est
3477 1663 3621 1716 Deus
3643 1665 3851 1729 noster,

2194 1761 2244 1811 et
2277 1772 2388 1811 non
2417 1757 2792 1813 aestimabitur
2821 1755 2991 1823 alius,
3023 1753 3283 1809 adversus
3309 1769 3456 1809 eum.
3493 1753 3595 1808 Hic
3625 1755 3852 1809 adiuue-

434 1849 755 1918 ejeclurum
787 1845 969 1900 fuisse
1018 1843 1328 1914 signiﬁcat,
1364 1842 1474 1898 υἱεῖ
1510 1847 1715 1897 fortem
1763 1840 1924 1912 Prius
1952 1841 2084 1895 νίῐι-
2116 1885 2164 1950 Β
2193 1845 2277 1900 nit
2325 1861 2538 1901 omnem
2585 1847 2736 1900 viam
2777 1843 3113 1916 disciplinae,
3142 1844 3367 1915 posthac
3407 1845 3465 1898 in
3498 1845 3659 1899 terris
3703 1845 3852 1898 visus

432 1937 634 2002 xisset,
657 1935 939 1990 nimirum
972 1933 1394 1988 daemoniorum
1424 1931 1749 2003 principem
1776 1930 2086 1986 Beelzebu-

436 2025 550 2081 iem
580 2041 592 2080 :
624 2024 682 2079 in
717 2040 890 2096 quem
925 2023 1211 2078 dremonia
1235 2021 1442 2094 ejicere
1474 2039 1507 2077 a
1536 2019 1912 2094 schphantis
1944 2019 2092 2074 dice-

442 2115 653 2176 batur;
682 2117 878 2183 postea
925 2110 1268 2182 subjungit:
1305 2111 1370 2166 Ei
1399 2109 1492 2181 qui
1533 2111 1591 2163 in
1641 2108 1916 2180 Spiritum
1959 2123 2090 2162 san-

443 2209 594 2260 ctum
625 2203 1102 2275 blasphemaverit,
1132 2217 1244 2256 non
1278 2202 1566 2257 remissum
1596 2199 1713 2262 iri;
1742 2200 1792 2254 ei
1839 2213 1964 2254 vero
1993 2196 2092 2268 qui

450 2292 512 2347 in
541 2294 745 2349 Filium
779 2289 1260 2362 biaSphemaverit,
1280 2287 1575 2344 remissum
1607 2289 1682 2343 iri
1709 2288 1773 2341 ".
1797 2287 1939 2342 Nam
1961 2300 2091 2342 cum

449 2391 599 2439 esset
629 2381 852 2438 ratione
883 2380 1072 2436 carnis
1104 2383 1417 2450 assumpta:
1451 2377 1831 2450 compositus,
1864 2379 2090 2434 carnis-

443 2475 560 2544 que
589 2477 869 2542 tanquam
902 2469 1029 2537 veli,
1063 2473 1126 2524 ut
1157 2469 1239 2524 ita
1268 2469 1480 2538 dicam,
1512 2467 1858 2524 intermedio
1891 2467 2089 2524 uobis-

444 2579 575 2617 cum
607 2565 960 2629 versaretur,
984 2577 1048 2616 co
1071 2560 1247 2615 fiebat
1278 2563 1340 2614 ut
1375 2575 1529 2615 nunc
1555 2557 1788 2629 quidem
1813 2557 2088 2630 lacryma-

443 2655 551 2719 ret,
616 2651 889 2706 Lazarum
926 2668 957 2704 a
1015 2649 1265 2706 mortuis
1297 2651 1676 2715 excitaturus,
1739 2665 1894 2703 nunc
1951 2665 2088 2704 vero

437 2758 612 2811 super
643 2757 799 2796 mare
822 2738 1169 2805 ambularet,
1195 2737 1500 2793 mulierem
1535 2737 1817 2810 profluvio
1842 2737 2086 2810 sangui-

437 2830 530 2886 nis
582 2830 938 2886 laborantem
992 2831 1262 2884 sanaret:
1315 2827 1567 2898 denique
1615 2827 1848 2882 vitalem
1900 2827 2088 2882 arefa-

437 2924 541 2975 σιω
574 2921 776 2975 manui
809 2928 1031 2975 motum
1081 2918 1433 2973 restitueret.
1470 2918 1715 2973 Proinde
1744 2934 1849 2989 par
1878 2921 1988 2985 est,
2023 2921 2087 2974 ut

437 3009 536 3079 qui
568 3015 814 3079 utraque
844 3013 1112 3076 cernunt,
1144 3013 1202 3064 et
1232 3025 1357 3079 qua:
1389 3009 1457 3063 ad
1505 3012 1776 3064 naturam
1828 3007 2083 3064 divinam

435 3095 641 3152 atiecta
669 3100 918 3165 erant,et
939 3113 1067 3168 quae
1097 3097 1283 3153 abillo
1310 3097 1528 3153 fiebant
1558 3097 2086 3166 humanitus,nunc

437 3185 674 3255 quidem
708 3185 780 3241 ad
810 3203 876 3241 ea
907 3203 1034 3257 quae
1060 3186 1295 3243 meliora
1327 3192 1466 3243 sunt
1498 3188 1845 3257 excitentur,
1878 3187 2087 3242 Deum-

2195 1939 2292 2004 est,
2351 1943 2405 1990 et
2454 1950 2578 1989 cum
2627 1935 2937 1990 hominibus
2989 1937 3338 1989 conversatus
3375 1938 3475 1988 est.
3509 1936 3677 1999 Item,
3737 1934 3857 1989 Non

2194 2031 2271 2080 est
2302 2025 2441 2080 Deus
2489 2032 2701 2094 praeter
2729 2027 2782 2078 te
2812 2022 2877 2078 2’.
2911 2023 3054 2078 Cum
3113 2038 3250 2093 ergo
3308 2019 3542 2089 ἀνόητος
3572 2022 3688 2091 hic,
3743 2022 3855 2077 hoc

2195 2117 2286 2170 est
2299 2117 2495 2169 mente
2517 2117 2748 2185 captus,
2765 2112 2985 2168 Noetus
3003 2111 3416 2181 hujuscemodi
3435 2112 3712 2183 dogmata
3736 2112 3857 2167 dis-

2195 2205 2535 2275 seminaret,
2561 2205 2620 2260 in
2644 2206 2963 2260 extremam
2984 2202 3220 2258 tandem
3250 2201 3678 2257 absurditatem
3708 2200 3851 2256 inci-

2195 2295 2302 2364 dit,
2353 2295 2496 2350 adeo
2547 2297 2610 2350 ut
2647 2293 2913 2366 seipsum
2968 2292 3213 2358 Mosem,
3266 2291 3626 2364 fratremque
3672 2306 3847 2347 suum

2194 2387 2482 2439 Aaronem
2514 2383 2755 2439 diceret.

2266 2472 2522 2530 Novatus
2580 2475 2799 2542 autem,
2857 2470 3125 2529 Ecclesiae
3182 2470 3462 2526 Romanas
3517 2470 3850 2543 presbyter,

2195 2561 2538 2634 arrogantia:
2570 2559 2780 2632 spiritu
2814 2559 3028 2628 elatus,
3061 2559 3119 2615 in
3151 2575 3404 2616 errorem
3438 2559 3701 2631 impegit.
3733 2560 3854 2616 Nec

2194 2653 2351 2709 enim
2385 2653 2513 2708 illos
2565 2652 2665 2724 qui
2713 2650 3118 2723 persecutione
3166 2654 3472 2724 grassante
3521 2650 3674 2722 lapsi
3728 2651 3856 2706 iue-

2197 2747 2329 2797 rant
2356 2745 2559 2814 postea
2587 2741 2930 2812 pmnitentes
2949 2739 3298 2796 admittebat
3323 2758 3336 2795 :
3358 2739 3505 2794 nihil
3537 2740 3612 2795 iis
3638 2740 3856 2795 salutis

2195 2831 2462 2887 relictum
2495 2847 2625 2886 esse
2656 2831 2880 2898 dicens,
2915 2830 3016 2901 qui
3048 2833 3180 2900 post
3211 2829 3576 2900 baptismum
3610 2845 3857 2900 peccas-

2193 2925 2340 2977 sent.
2379 2921 2633 2992 Denique
2679 2919 2950 2991 quamvis
2993 2935 3127 2975 eum
3160 2918 3484 2983 Cornelius,
3517 2919 3616 2988 qui
3650 2919 3854 2973 Eccle-

2193 3011 2290 3065 siae
2316 3009 2588 3066 Romanis
2619 3014 2758 3064 tunc
2788 3007 3070 3080 temporis
3093 3011 3355 3079 prmerat,
3389 3024 3544 3079 sazpe
3574 3007 3844 3063 cohorta-

2190 3104 2351 3155 retur
2381 3103 2447 3155 ut
2477 3099 2703 3155 concito
2725 3100 2910 3172 gradu
2945 3099 3015 3153 ad
3048 3097 3407 3154 Christianos
3431 3098 3847 3166 Tyrannorum

2191 3189 2416 3244 saevitia
2447 3189 2747 3260 perculsos
2777 3195 2831 3244 et
2872 3187 3238 3243 labascentes
3271 3203 3329 3241 se
3376 3186 3695 3256 conferret,
3728 3204 3855 3244 eos-

436 3291 550 3345 que
578 3292 771 3330 rerum
806 3275 1141 3344 hujusmodi
1168 3277 1495 3333 eil'ectorem
1529 3281 1898 3348 cognoscant,
1926 3292 2081 3332 nunc
2111 3259 2152 3326 C
2193 3295 2305 3350 que
2352 3259 2626 3350 tanquam
2678 3277 2955 3333 sacerdos
3003 3277 3182 3332 sacris
3213 3275 3597 3331 concionibus
3643 3277 3853 3333 contir-

434 3381 568 3420 vero
599 3365 894 3420 hominem
923 3366 1100 3422 fuisse
1130 3366 1484 3429 existiment,
1505 3368 1602 3437 qui
1624 3372 1891 3421 naturam
1918 3366 2083 3421 factis

436 3452 847 3524 obsignavcrit.
897 3453 1002 3515 Qui
1035 3469 1172 3524 ergo
1205 3454 1274 3507 ad
1310 3453 1559 3507 Verbum
1609 3453 1868 3508 humana
1900 3454 2083 3508 forma

433 3547 677 3599 exutum
709 3542 1037 3611 accesserit,
1072 3541 1420 3612 legibusque
1464 3543 1659 3597 carnis
1709 3541 2078 3612 acquieverit,

429 3632 483 3686 ei
523 3631 890 3704 blasphemia
935 3631 1280 3696 remittetur,
1317 3631 1484 3701 eique
1529 3635 1724 3702 parcet
1773 3631 2077 3699 Dominus,

429 3722 567 3792 quia
596 3721 655 3776 in
682 3738 746 3777 eo
778 3721 980 3793 lapsus
1012 3721 1110 3788 sit,
1145 3721 1298 3791 quod
1333 3719 1684 3792 aspectabilc
1714 3725 1823 3788 est,
1858 3725 1914 3775 et
1945 3737 2081 3791 pro-

426 3817 558 3882 pter
587 3827 823 3866 carnem
857 3812 915 3866 in
949 3827 1016 3866 ea
1043 3828 1103 3865 sc
1135 3810 1272 3865 vitia
1301 3809 1664 3879 demerserit,
1699 3809 1912 3880 quibus
1944 3825 2076 3865 caro

427 3900 675 3955 obnoxia
720 3905 828 3956 est.
864 3901 923 3956 Si
955 3899 1087 3971 quis
1120 3916 1250 3956 vero
1311 3900 1379 3954 ad
1435 3899 1634 3954 divina
1685 3898 1986 3968 miracula,
2020 3902 2078 3955 et

425 4007 552 4060 quze
585 3992 791 4061 praeter
819 3987 978 4061 vulgi
1040 3989 1377 4061 opinionem
1437 3993 1710 4061 operatus
1760 3993 1848 4044 est
1877 3988 2075 4044 Domi-

426 4096 561 4145 nus,
598 4079 816 4134 clausis
849 4079 1033 4134 oculis
1084 4078 1409 4144 conniveat,
1438 4095 1622 4150 eaque
1653 4079 1931 4134 satanicis
1961 4079 2073 4133 vir-

426 4167 652 4222 tutibus
685 4166 1058 4232 adscribat,ei
1095 4167 1419 4222 absurdum
1445 4166 1554 4222 hoc
1585 4167 1775 4221 scelus
1807 4183 1918 4222 non
1945 4182 2077 4222 con-

424 4255 756 4326 donabitur,
800 4256 1180 4326 judicemque
1235 4271 1498 4311 severum
1551 4260 1605 4310 et
1663 4255 2076 4310 immisericor-

423 4344 552 4400 dem
587 4345 934 4415 experietur,
991 4343 1187 4415 ipsum
1215 4343 1438 4400 scilicet
1471 4343 1774 4414 Spiritum,
1806 4342 1866 4397 in
1897 4359 2070 4414 quem

421 4450 534 4504 prae
579 4434 830 4503 ignavia,
863 4433 949 4488 vel
996 4433 1362 4504 improbitate
1407 4433 1744 4504 peccaverit.
1790 4433 2074 4503 Loquitur

418 4530 608 4578 autem
643 4523 712 4577 de
744 4521 838 4591 iis,
863 4522 962 4592 qui
995 4522 1403 4594 blasphemare
1433 4522 1712 4593 Spiritum
1749 4537 2073 4593 persevera-

2190 3371 2396 3437 maret,
2457 3366 2618 3422 nullo
2676 3371 2874 3423 tamen
2906 3366 3080 3422 modo
3135 3365 3192 3420 id
3231 3369 3295 3420 ut
3343 3365 3580 3432 faceret,
3635 3367 3850 3423 adduci

2187 3457 2400 3530 potuit,
2428 3458 2529 3514 sed
2561 3470 2688 3512 sese
2719 3455 3055 3511 subducens
3083 3454 3540 3526 delitescercque
3569 3462 3845 3522 conatus,

2184 3548 2422 3603 tandem
2446 3545 2557 3602 hac
2587 3545 2772 3618 impia
2793 3543 3137 3600 crudelitate
3154 3543 3447 3614 laborans,
3470 3545 3542 3600 ab
3574 3545 3849 3602 Ecclesiae

2185 3652 2413 3709 quoque
2444 3652 2683 3708 corpore
2712 3634 2971 3691 secessit.
3018 3636 3299 3690 Caeterum
3333 3633 3504 3703 hujus
3555 3633 3849 3692 haereseos

2182 3731 2498 3781 sectatores
2547 3741 2662 3780 non
2703 3728 2931 3780 tantum
2987 3721 3308 3788 Novatiani,
3361 3723 3463 3777 sed
3527 3723 3704 3780 etiam
3739 3724 3848 3780 Ca-

2182 3817 2355 3881 thari,
2389 3815 2496 3871 hoc
2529 3819 2618 3871 est
2667 3814 2818 3887 puri,
2874 3817 3311 3883 nuncupantur.
3345 3813 3510 3869 Idem
3541 3830 3642 3870 eos
3690 3832 3841 3885 quo-

2182 3922 2291 3978 que
2317 3904 2713 3970 aversabatur,
2746 3904 2845 3976 qui
2878 3907 3011 3974 post
3040 3902 3402 3974 baptismum
3436 3902 3512 3957 ad
3542 3905 3837 3960 secundas

2180 3996 2413 4067 nuptias
2459 3993 2865 4060 convolabant,
2900 4009 3004 4048 nec
3057 3991 3188 4048 illos
3236 3993 3310 4047 ad
3357 3992 3842 4050 communionem

2179 4085 2548 4141 admittebat.

2496 4223 2769 4278 ereseos
2802 4218 3154 4291 pra’cedentis
3183 4217 3511 4280 con/utalia.

2242 4363 2448 4419 [Elatia
2493 4363 2734 4435 puerilis
2768 4361 3191 4419 informatrices
3225 4360 3336 4416 ille
3368 4359 3710 4417 Salomonis
3742 4377 3845 4417 vo-

2171 4471 2266 4510 ces
2298 4455 2514 4526 quibus
2545 4455 2643 4523 ait,
2711 4454 2830 4510 Vidi
2877 4455 3085 4522 justum
3133 4451 3411 4524 perditum
3441 4449 3505 4506 in
3531 4467 3640 4506 sua
3677 4453 3846 4521 iusti-

2169 4545 2250 4600 tia
2273 4543 2354 4613 3°;
2379 4545 2542 4609 item,
2571 4545 2709 4599 Sunt
2735 4543 2994 4615 vi:e,qu:e
3022 4542 3280 4597 videntur
3304 4539 3528 4595 homini
3550 4549 3848 4608 rectm,”-

413 4611 624 4674 verint,
677 4613 942 4699 atquein
1004 4612 1108 4699 hac
1162 4612 1454 4682 opinionis
1503 4612 1874 4682 perversitate
1921 4611 2067 4668 vivis
2098 4622 2144 4686 D
2173 4611 2349 4690 "emt,
2399 4639 2580 4689 (amen
2612 4649 2804 4690 earum
2832 4611 3069 4689 έέηάηηε
3121 4631 3192 4687 ad
3220 4634 3452 4688 mortem
3503 4629 3575 4699 ει,
3611 4633 3842 4688 mirum

413 4697 790 4753 excesserint.
827 4698 984 4761 Quod
1021 4698 1069 4754 si
1103 4701 1236 4768 quis
1285 4700 1511 4754 Domini
1545 4699 1936 4772 cognitionem
1988 4701 2064 4757 sit

413 4787 674 4858 adeptus,
738 4803 937 4842 eorum
999 4803 1126 4858 quae
1197 4789 1255 4843 in
1312 4788 1421 4844 hoc
1481 4791 1698 4844 mundo
1757 4789 2060 4860 ignoravit,

410 4879 816 4935 remissionem
884 4883 1296 4952 consequetur.
1359 4880 1514 4935 Idem
1565 4897 1795 4953 quoque
1847 4899 2059 4938 sensus

409 4974 499 5026 est
531 4971 708 5042 hujus
738 4971 989 5026 Acluum
1033 4969 1482 5042 apostolicorum
1534 4970 1682 5028 loci:
1731 4974 1922 5028 Virum
1960 4975 2058 5044 qui

406 5059 554 5117 inter
580 5077 677 5118 nos
705 5062 877 5133 signis
907 5065 960 5116 et
997 5061 1285 5116 miraculis
1317 5061 1577 5116 inclaruit
1602 5062 1667 5117 ³ο,

1021 5169 1170 5226 CAP.
1213 5167 1433 5225 XXVII.

397 5272 416 5295 '
479 5277 738 5333 Vicesimrt
787 5277 1021 5348 septima
1069 5276 1320 5340 hmresic,
1377 5275 1550 5342 Nocti,
1608 5279 1655 5331 et
1705 5277 1915 5331 Novati.
1977 5277 2049 5333 Ili

465 5356 754 5420 unguntur
787 5374 801 5416 ;
830 5349 1157 5420 praestiterit
1189 5357 1393 5414 autem,
1421 5352 1479 5402 ut
1536 5349 1797 5404 Noetiani
1824 5349 2044 5420 quidem

2172 4723 2228 4778 in
2263 4725 2492 4779 modum
2523 4723 2724 4778 Novati
2757 4721 2990 4778 saevitia:
3031 4725 3087 4776 et
3129 4719 3412 4792 Opinioni,
3444 4736 3563 4791 qua
3595 4720 3841 4777 veniam

2173 4815 2395 4872 nullam
2419 4814 2695 4882 admittit,
2720 4819 3128 4870 consentaneae
3150 4815 3306 4867 sunt.
3330 4811 3476 4866 Nam
3503 4813 3650 4866 dum
3675 4814 3838 4883 puri-

2168 4907 2302 4962 tatis
2334 4923 2395 4962 se
2427 4923 2602 4978 quam
2627 4921 2732 4977 par
2759 4909 2848 4960 est
2879 4903 3262 4960 amantiorem
3298 4905 3540 4973 praestat
3571 4916 3835 4974 eamque

2167 4997 2492 5052 accuratius
2519 5011 2683 5066 aequo
2707 4998 2980 5062 sectatur,
3005 4993 3200 5049 minus
3225 4991 3498 5060 advertit,
3527 4996 3832 5062 quantum

2163 5085 2221 5140 in
2254 5083 2619 5140 crudelitatis
2663 5082 3010 5139 barathrum
3041 5099 3102 5139 se
3131 5080 3490 5154 przecipitet:
3543 5081 3833 5139 exitium-

2159 5191 2269 5246 que
2295 5173 2406 5230 sibi
2440 5174 2588 5228 ultro
2617 5177 2871 5229 accersat
2900 5189 2913 5227 :
2949 5187 3054 5227 nec
3103 5186 3301 5227 secum
3336 5173 3595 5242 reputat,
3631 5173 3833 5228 nemi-

2157 5279 2290 5319 nem
2323 5279 2474 5329 esse,
2508 5262 2609 5334 qui
2660 5263 2815 5333 quod
2847 5261 3067 5318 bonum
3100 5264 3225 5316 est:
3287 5259 3368 5314 ita
3422 5263 3707 5323 sectetur,
3763 5265 3828 5315 ut

2155 5353 2288 5408 inde
2343 5352 2604 5408 excidere
2662 5367 2962 5423 nunquam
2997 5349 3206 5422 possit,
3251 5351 3427 5419 atque
3472 5349 3529 5404 id
3565 5366 3640 5404 ne
3672 5349 3825 5405 sim-

467 5418 842 5488 baptieentur,
867 5422 1162 5477 Novatiani
1193 5436 1317 5475 vero
1349 5422 1718 5489 intinguntur.
1831 5418 1844 5420 “

2192 5442 2287 5498 lici
2345 5442 2583 5514 quidem
2645 5418 2918 5512 angelica:
2963 5418 3184 5496 natura:
3236 5418 3361 5510 quae
3394 5438 3512 5494 Deo
3562 5439 3818 5517 assistit,

458 5522 676 5580 Partim
700 5526 1284 5584 consentiunthiduo
1306 5528 1458 5584 inter
1477 5528 1790 5600 se,partim
1813 5529 2036 5587 disseu-
2149 5535 2425 5604 perpetuo
2460 5530 2688 5588 datum.
2723 5530 2814 5586 Ad
2847 5530 2966 5586 hec
2985 5529 3036 5586 si
3061 5529 3138 5584 ab
3171 5545 3236 5584 eo
3265 5527 3421 5599 quod
3458 5527 3690 5584 bonum
3726 5534 3815 5586 est

453 5633 694 5721 ‘3“I.uc.,
723 5643 996 5721 Χημοᾯ
1026 5644 1072 5721 ff
1101 5649 1275 5721 Marc.
1310 5661 1406 5721 In,
1452 5645 1548 5721 27_.
1592 5645 1665 5721 _"
1721 5646 1928 5703 Matth.
1988 5665 2091 5719 xu,
2124 5649 2214 5706 3|.
2293 5647 2340 5685 ’⁸
2371 5652 2498 5721 Act,
2530 5666 2592 5720 Ir,
2624 5649 2716 5706 22.
2791 5649 2834 5686 '7
2869 5647 3043 5705 Exod.
3104 5662 3190 5719 nt,
3219 5647 3276 5701 6.
3353 5643 3404 5680 ²⁸
3433 5644 3599 5702 Exod
3633 5662 3735 5718 xx,
3763 5646 3812 5703 3.

382 5704 558 5765 Eccli.
594 5724 787 5776 xxxvn,
819 5711 873 5762 5.
951 5712 998 5746 ³ο
1028 5712 1181 5767 Eccl.
1213 5732 1313 5785 vn,
1349 5704 1435 5772 16.
1510 5717 1552 5753 ³⁸
1587 5719 1752 5775 Prov.
1784 5736 1900 5776 xxv.
1933 5721 2022 5778 12.
