4058 6212
262 401 422 467 129⁵1

1605 400 2002 468 ΤΗΕΞΑῙΠΠ
2046 400 2201 462 LIB.
2249 399 2352 461 IV.

3517 410 3678 474 1298

259 557 376 597 non
409 539 884 612 deﬂexissemus,
939 557 1087 613 opus
1118 541 1578 616 haudquaquam
1619 540 1822 609 fuisse,
1857 543 1922 594 ut
1948 542 2004 608 Α
2035 541 2163 593 tum
2195 540 2484 600 sanctum.
2519 539 2790 592 naturam
2814 538 3050 610 quidem
3083 557 3280 610 unam,
3303 543 3675 605 divinitatem

261 636 409 688 Deus
426 631 676 687 Verbum
700 632 764 686 ad
789 649 895 688 nos
910 637 1216 704 assumpta
1233 649 1404 690 carne
1419 633 1816 691 descenderet.
1845 633 1917 686 At
2024 644 2158 683 vero
2184 627 2375 683 tribus
2409 625 2744 682 distinctam
2776 629 3040 700 personis
3072 631 3129 686 in
3162 649 3341 689 unam
3366 652 3673 706 personam

256 739 413 792 vero,
440 723 578 793 quia
603 722 778 778 vitam
811 723 1444 781 mutationiobnoxiam
1481 724 1913 781 sortitushomo

2024 716 2366 772 contrahere
2397 721 2452 770 et
2485 721 2797 788 coarctare,
2832 735 3051 790 proque
3082 737 3464 792 personarum
3503 727 3676 784 diffe-

254 819 361 882 est,
390 816 445 867 et
478 828 593 868 non
626 828 796 868 secus
828 817 1001 883 atque
1026 813 1258 868 trutinae
1290 813 1484 870 lances
1508 814 1567 869 in
1596 817 1913 884 utrumque
2023 805 2209 861 rentia
2227 806 2618 861 substantiam
2639 810 3667 890 usurparedeprehenditurJasuper

250 901 407 958 latus
450 901 632 972 vergit
668 908 720 955 ct
780 907 1063 970 movetur,
1124 902 1341 958 idcirco
1395 919 1584 973 neque
1645 901 1908 974 angelus,

256 1011 445 1066 neque
483 993 656 1049 homo
681 997 832 1064 (cum
860 995 1114 1066 Spiritus
1141 995 1259 1050 sint
1290 996 1613 1051 ministerio
1644 992 1907 1065 addicti),

251 1085 350 1140 sed
407 1084 690 1140 Dominus
723 1085 848 1155 ipse
907 1083 1084 1153 venit,
1149 1089 1208 1140 ut
1260 1085 1448 1142 salvos
1509 1102 1616 1141 nos
1673 1085 1905 1140 faceret.

250 1173 398 1240 Quid
433 1189 570 1244 ergo
629 1172 916 1228 Novatum
966 1173 1252 1242 movebat,
1307 1180 1368 1229 ut
1427 1192 1522 1231 eos
1555 1191 1670 1230 non
1696 1173 1908 1230 admit-

245 1265 414 1328 teret,
451 1262 552 1333 qui
585 1267 718 1332 post
749 1262 1112 1333 baptismum
1164 1263 1553 1334 peccassent?
1586 1272 1684 1318 aut
1707 1279 1904 1335 perse-

250 1351 506 1408 cutionis
575 1355 837 1422 tempore
896 1350 1094 1424 lapsos
1154 1357 1522 1409 aversaretur
1572 1353 1599 1408 ?
1654 1357 1903 1408 Prorsus

255 1440 455 1511 ignoro
493 1457 507 1496 :
542 1439 654 1495 nisi
686 1440 819 1511 quis
849 1441 1186 1512 hujusmodi
1222 1442 1674 1513 contentionem,
1707 1442 1902 1498 horni-

253 1529 348 1587 nis
380 1529 826 1601 persuasionem
861 1530 1104 1586 rationis
1152 1535 1447 1603 expertem
1488 1532 1679 1587 dicere
1711 1529 1898 1596 malit,

244 1635 496 1692 quisque
527 1619 598 1674 ad
620 1619 934 1691 puritatem
959 1619 1122 1676 nullo
1141 1621 1310 1676 modo
1336 1637 1692 1692 quemquam
1725 1618 1902 1675 dedu-

245 1724 375 1764 cere
405 1711 605 1779 queat.
666 1707 747 1763 Ex
777 1708 992 1778 quibus
1033 1709 1214 1778 enim,
1247 1725 1466 1782 quasso,
1498 1709 1669 1764 dictis
1723 1724 1897 1764 evan-

245 1796 448 1871 gelicis
480 1813 576 1852 ore
602 1798 704 1852 Dei
737 1796 1001 1868 prolatis,
1062 1797 1150 1853 vel
1184 1798 1354 1854 etiam
1390 1797 1729 1870 apostolicis
1761 1814 1898 1852 con-

2022 912 2088 950 co
2121 898 2273 968 quod
2305 912 2538 950 carnem
2591 914 2623 951 a
2656 901 2815 952 Patre
2869 908 3254 972 assumptum,
3289 908 3666 975 quemadmo-

2020 986 2162 1041 dum
2197 1004 2228 1040 a
2255 986 2611 1056 Filio,eaque
2641 987 2860 1058 omnia,
2891 1005 3018 1060 (Ῑυεθ
3052 991 3456 1063 dispositionis
3478 1003 3662 1070 erant,

2018 1075 2306 1146 completa
2352 1091 2479 1131 esse
2513 1075 2787 1141 afﬁrmat,
2852 1079 3199 1150 evangelicis
3251 1084 3667 1144 traditionibus

2016 1165 2322 1236 perspicue
2367 1169 2672 1235 repugnat.
2730 1165 2987 1222 Joannes
3017 1169 3170 1224 enim
3222 1174 3580 1245 evangelista
3611 1183 3670 1233 et

2015 1253 2348 1324 theologus,
2375 1255 2436 1308 In
2460 1253 2738 1324 principio
2757 1260 2871 1310 erat
2899 1256 3147 1326 Verbum,
3178 1268 3231 1314 et
3271 1263 3517 1318 Verbum
3545 1270 3668 1321 erat

2012 1343 2168 1413 apud
2197 1343 2368 1398 Deum
2399 1340 2465 1412 ³⁷,
2501 1341 2833 1399 fulminanti
2871 1361 3006 1400 voce
3035 1347 3341 1405 exclamat.
3394 1353 3462 1407 Et
3492 1354 3664 1424 paulo

2013 1435 2148 1503 post
2182 1446 2194 1487 :
2231 1433 2294 1486 Et
2329 1431 2557 1488 Verbum
2585 1447 2712 1487 caro
2749 1433 2956 1497 factum
2987 1443 3082 1503 est,
3106 1445 3156 1492 et
3185 1437 3455 1495 habitavit
3486 1443 3543 1496 in
3575 1459 3666 1498 no-

2012 1520 2094 1575 bis
2125 1521 2190 1575 3°.
2226 1522 2610 1591 Incorporeus
2642 1537 2875 1592 quoque
2901 1524 3144 1596 angelus
3180 1527 3470 1598 Virginem
3492 1530 3569 1587 ita
3598 1532 3658 1587 in

2011 1607 2236 1664 civitate
2293 1609 2577 1666 Nazareth
2639 1609 2930 1667 allocutus
2974 1617 3107 1669 est:
3140 1615 3380 1685 Spir-itus
3436 1626 3658 1676 sanctus

2004 1699 2352 1770 superveniet
2381 1700 2438 1754 in
2472 1707 2541 1769 te,
2555 1707 2606 1754 et
2628 1700 2813 1755 virtus
2841 1700 3120 1757 Altissimi
3149 1705 3500 1762 obumbrabzt
3529 1710 3650 1765 tibi.

2005 1787 2236 1859 Ideoque
2267 1787 2407 1858 quod
2437 1804 2510 1843 ese
2537 1792 2590 1843 te
2617 1796 2875 1845 nascetur
2890 1794 3145 1847 sanctum
3176 1794 3454 1851 vocabitur
3479 1799 3654 1854 Filius

246 1885 1068 1984 stitptionibusNovatus_hic
1095 1891 1321 1943 tantam
1354 1887 1720 1984 severitatem
1753 1887 1894 1942 hau-
1927 1917 1973 1984 Β
2003 1877 2106 1984 ξ)ςί
2135 1877 2198 1930 ³⁹ο
2233 1877 2360 1984 His“
2393 1877 2732 1984 Davidicum
2767 1895 2999 1984 quoque
3057 1880 3393 1984 vaticinipm
3429 1887 3656 1958 astipu-

242 1975 324 2032 sit
351 1975 378 2030 ?
400 1978 602 2030 Nonne
634 1975 908 2030 Dominus
931 1975 1132 2031 fletum
1149 1977 1322 2046 Petri,
1351 1975 1421 2031 ab
1453 1993 1518 2032 eo
1551 1975 1895 2048 abnegatus,

243 2063 483 2121 admisit
512 2065 540 2121 δῖ
569 2080 761 2120 nonne
790 2067 1060 2121 eumdem
1091 2065 1487 2138 apostolorum
1521 2065 1892 2138 coryphaeum

2002 1965 2160 2022 latur
2220 1982 2235 2022 :
2317 1968 2626 2036 Propterea
2701 1968 2868 2022 unxit
2933 1974 2989 2025 te
3059 1971 3222 2036 Deus,
3285 1975 3423 2029 Deus
3505 1979 3649 2043 tuus,

1998 2057 2114 2113 oleo
2146 2055 2368 2112 thitise
2394 2071 2516 2126 prae
2530 2057 2876 2112 consortibus
2903 2061 3014 2113 tuis
3039 2057 3086 2092 ⁴⁰
3111 2077 3123 2127 ;
3150 2063 3649 2130 quemadmodum

239 2153 403 2210 fratri
453 2154 788 2225 septuagies
819 2158 1057 2224 peccata
1098 2171 1226 2210 esse
1257 2155 1608 2210 remittenda
1641 2155 1837 2210 docuit
1867 2155 1894 2210 ‘t
1995 2144 2097 2200 illa
2127 2159 2360 2216 quoque
2395 2145 2793 2215 Theﬂnlhl‘opi
2825 2162 2926 2201 seu
2957 2147 3058 2201 Dei
3089 2151 3146 2202 et
3177 2148 3433 2205 hominis
3455 2153 3647 2220 verba,

232 2243 437 2299 Nonne
496 2241 720 2298 paulus
782 2243 1153 2300 Corinthium
1211 2244 1383 2299 illum
1435 2244 1532 2317 qui
1584 2259 1888 2300 novercam
1998 2234 2132 2290 Cum
2163 2237 2343 2306 ipsum
2376 2236 2558 2290 bibent
2588 2251 2785 2290 novum
2820 2234 2880 2290 in
2905 2251 3070 2306 regno
3100 2237 3284 2292 Patris
3304 2240 3429 2294 mei.
3467 2240 3644 2295 Item:

233 2336 723 2404 constupraverat
767 2333 935 2389 venia
967 2342 1097 2405 post
1145 2333 1435 2406 lacrymas
1466 2335 1710 2405 dignum
1762 2349 1890 2390 esse
1994 2323 2234 2381 Aseendo
2267 2323 2336 2378 ad
2378 2325 2597 2379 Patrem
2644 2339 2827 2380 meum
2856 2333 2906 2380 et
2936 2325 3152 2391 Patrem
3188 2329 3441 2396 vestrum,
3473 2328 3644 2384 Deum

238 2425 517 2482 censuit?
562 2425 952 2496 eamdemque
997 2425 1222 2498 reliquo
1273 2427 1546 2483 Ecclesiae
1580 2425 1751 2482 coetui
1799 2443 1889 2482 re-

232 2515 426 2571 stituit
459 2518 482 2571 ἲ

305 2606 531 2670 Quanta
561 2621 695 2660 vero
726 2604 994 2660 socordia
1027 2603 1287 2676 falsaque
1307 2605 1580 2676 puritatis
1613 2605 1886 2678 Opinione

230 2694 459 2751 laboret
482 2695 741 2753 Novatus
772 2694 889 2765 hic,
936 2696 1026 2752 vel
1067 2711 1137 2752 ex
1166 2712 1232 2752 eo
1283 2696 1570 2768 arguitur,
1605 2697 1759 2768 quod
1793 2695 1882 2763 iis,

232 2784 338 2856 qui
369 2785 442 2840 ad
471 2785 763 2841 secundas
805 2784 1115 2840 convolant
1144 2786 1406 2858 nuptias,
1451 2785 1883 2842 communicare

232 2872 404 2941 nolit,
463 2873 730 2945 quamvis
780 2873 992 2930 Paulus
1045 2879 1243 2947 aperte
1288 2875 1493 2931 dicat:
1533 2874 1670 2930 Volo
1704 2875 1879 2930 etiam

229 2964 296 3015 ut
320 2962 568 3032 juvenes
627 2963 818 3018 vidua:
873 2962 1144 3018 nubant!
1209 2963 1368 3019 Idem
1400 2962 1544 3035 quid
1601 2964 1671 3020 dc
1699 2963 1880 3020 Noeto

223 3051 592 3107 sentiendum
625 3057 734 3118 est,
787 3052 890 3124 qui
938 3052 1295 3124 injustitiam
1340 3052 1400 3108 in
1428 3051 1612 3108 altum
1645 3052 1877 3110 locutus

225 3143 335 3208 est,
366 3144 422 3195 et
444 3141 641 3212 posuit
669 3158 733 3197 os
768 3141 826 3197 in
860 3140 1093 3211 coelum,
1120 3159 1252 3198 cum
1279 3143 1598 3214 praesertim
1624 3141 1874 3212 Patrem,

223 3229 432 3284 Filium
461 3234 517 3284 et
565 3230 879 3302 Spiritum,
907 3231 1292 3302 blasphemus
1325 3231 1422 3287 ille
1475 3248 1660 3288 unum
1710 3249 1875 3289 eum-
1907 3271 1950 3340 α

221 3318 471 3390 demque
492 3320 678 3375 vocet!
707 3320 980 3384 Quamvis
1004 3320 1160 3375 enim
1184 3321 1638 3394 dispensationis
1663 3327 1873 3394 mystc-

221 3409 375 3466 rium
409 3412 703 3482 admittat,
734 3411 1196 3468 incarnationem
1227 3413 1328 3468 Dei
1363 3414 1656 3484 pradicet,
1684 3414 1868 3470 Evan-

219 3499 438 3572 gelium
489 3500 730 3567 evolvat,
763 3517 1003 3572 quaeque
1051 3502 1109 3557 in
1144 3517 1209 3558 eo
1243 3501 1617 3558 continentur
1675 3504 1868 3559 omnia

217 3593 538 3663 percurrat,
582 3591 756 3646 corde
779 3594 974 3646 tamen
1005 3594 1062 3646 et
1091 3590 1263 3647 labiis
1287 3607 1354 3646 ea
1378 3609 1439 3648 se
1474 3593 1868 3664 fugere,atque

216 3679 278 3734 in
311 3678 660 3735 contrariam
717 3680 1070 3735 sententiam
1131 3681 1379 3753 pedibus
1431 3681 1513 3737 ire
1557 3681 1866 3738 manifeste

218 3768 437 3842 prodit.
472 3774 677 3826 Euntes
717 3771 896 3836 enim,
930 3769 1121 3842 inquit
1149 3770 1437 3842 Christus,
1473 3771 1652 3827 docete
1682 3788 1868 3828 omnes

214 3865 420 3930 gentes,
453 3859 788 3930 baptizantes
842 3875 928 3914 eos
963 3861 1021 3914 in
1051 3858 1273 3916 nomine
1305 3863 1508 3929 Patris,
1541 3864 1591 3916 et
1623 3861 1780 3928 Filii,
1815 3866 1865 3918 et

214 3949 464 4021 Spiritus
492 3951 672 4006 sancti
695 3949 759 4006 ³2.
788 3950 1009 4006 Videns
1031 3951 1524 4022 quemadmodum
1549 3956 1666 4008 tres
1689 3952 1866 4008 unius

214 4038 539 4098 divinitatis
599 4039 943 4111 bypostases
994 4039 1358 4112 explicantur
1405 4040 1434 4094 ‘I
1485 4044 1629 4095 Item
1687 4057 1756 4096 ex
1800 4057 1865 4096 eo

213 4129 375 4200 quod
405 4129 518 4184 alio
551 4128 704 4184 idem
738 4129 796 4183 in
830 4128 954 4184 loco
1000 4128 1080 4183 ait
1110 4145 1123 4182 :
1156 4135 1346 4195 Pater,
1379 4127 1629 4198 clari/ica
1660 4131 1868 4184 Filium

209 4227 389 4285 tuum,
423 4225 484 4273 ut
530 4218 710 4277 Filius
765 4221 932 4274 etiam
959 4223 1084 4272 tuus
1135 4215 1414 4288 clari/ieci
1464 4221 1515 4272 te
1567 4216 1636 4271 ³³.
1671 4219 1860 4274 Item:

208 4311 373 4364 Nunc
396 4313 586 4364 autem
616 4308 685 4364 ad
746 4315 794 4364 te
826 4309 1000 4363 venio.
1033 4313 1176 4362 Item
1212 4322 1224 4361 :
1289 4306 1555 4376 Clariﬁca
1587 4323 1674 4362 me
1701 4306 1867 4362 clari-

210 4400 343 4465 tate,
401 4415 566 4470 quam
624 4398 796 4453 habui
846 4395 1176 4469 priusquam
1224 4395 1464 4451 mundus
1525 4400 1659 4451 esset
1716 4396 1866 4466 apud

209 4492 268 4543 te
305 4486 372 4545 3‘.
425 4493 614 4561 Atque
673 4487 958 4543 Dominus
1011 4487 1247 4558 quidem
1309 4487 1432 4558 ipse
1482 4491 1862 4559 posteaquam

210 4581 552 4651 assumptus
603 4585 688 4634 est
739 4577 797 4632 in
831 4576 1064 4642 ccslum,
1125 4576 1394 4648 seditque
1445 4577 1517 4632 ad
1569 4577 1863 4632 dexteram

208 4667 424 4739 Patris,
489 4671 686 4740 aperte
739 4665 1016 4722 indicavit
1045 4665 1221 4721 aliam
1273 4665 1462 4721 Patris
1505 4682 1652 4736 esse,
1686 4666 1861 4722 aliam

209 4756 344 4812 Filii
404 4755 769 4829 hypostasin.
805 4757 929 4811 Imo
970 4754 1095 4827 ipsa
1152 4770 1384 4827 quoque
1435 4756 1618 4810 Patris
1649 4759 1704 4812 et
1733 4755 1860 4811 Filii

208 4842 557 4913 signiﬁcatio
591 4857 974 4914 personarum
1009 4839 1258 4896 dualitas
1301 4845 1410 4908 est,
1446 4858 1572 4912 qua:
1604 4841 1862 4897 schetica

209 4931 664 5002 signiﬁcatione,
696 4945 801 4985 seu
838 4928 1113 4984 babituali
1145 4934 1201 4984 et
1227 4928 1466 4985 relativa
1495 4929 1750 4985 eII‘ertur.

282 5026 359 5076 Eo
391 5029 665 5093 praeterea
694 5019 848 5091 quod
880 5017 1060 5073 Filius
1100 5018 1170 5074 de
1200 5017 1420 5090 Spiritu
1453 5019 1599 5075 dixit
1631 5037 1644 5073 :
1675 5021 1858 5076 Petam

205 5113 530 5179 aPatre,et
590 5111 768 5166 alium
815 5108 1175 5164 Paracletum
1225 5108 1402 5163 mittet
1453 5111 1624 5176 vobis,
1672 5108 1855 5181 Spiri-

203 5209 322 5257 tum
355 5199 631 5267 veritatis,
672 5198 769 5270 qui
814 5214 846 5252 a
875 5198 1039 5252 Patre
1066 5194 1308 5267 procedit
1335 5195 1400 5250 ³³.
1450 5197 1614 5263 Item,
1645 5197 1745 5253 Ille
1774 5215 1857 5255 me

203 5290 534 5362 clariﬁcabit
567 5289 630 5359 ³⁵,
658 5289 888 5344 tertiam
912 5301 1144 5357 quoque
1167 5285 1350 5340 sancti
1377 5285 1624 5356 Spiritus
1645 5287 1854 5360 hypos-

203 5379 359 5437 tasin
419 5379 656 5435 indicat.
715 5377 860 5433 Male
936 5373 1137 5447 igitur,
1198 5389 1302 5429 nec
1358 5377 1642 5444 tanquam
1701 5377 1856 5433 bona

205 5475 403 5527 mente
434 5469 712 5541 praeditus
742 5465 965 5536 ille,qui
1005 5463 1176 5535 vulgo
1207 5467 1403 5519 tamen
1435 5463 1652 5533 Νόητος
1684 5465 1853 5536 quasi

205 5565 403 5617 mente
434 5560 716 5632 przsditus
746 5556 979 5624 dicitur,
1031 5554 1269 5619 Patrem,
1304 5551 1541 5622 Filium,
1581 5559 1636 5610 et
1668 5555 1854 5628 Spiri—

277 5677 326 5712 π
354 5676 558 5732 Matth.
613 5691 810 5741 xxvm,
869 5671 954 5729 19.
1031 5669 1078 5705 ³³
1133 5670 1488 5741 ,Ιοδηηχνιμ
1545 5669 1595 5726 Ι.
1672 5672 1717 5707 ³⁵
1777 5671 1922 5727 Ibid.

1993 2429 2176 2470 meum
2205 2418 2256 2469 et
2285 2415 2458 2475 Deum
2488 2421 2731 2470 vestrum
2761 2415 2828 2472 “.
2878 2417 3024 2471 Item
3061 2432 3074 2470 :
3107 2415 3233 2472 Noli
3276 2433 3362 2472 me
3392 2421 3636 2489 tangere,

1989 2503 2237 2558 nondum
2293 2504 2442 2558 enim
2497 2503 2721 2559 escendi
2777 2502 2847 2558 ad
2905 2509 3127 2560 Patrem
3183 2520 3365 2560 meum
3395 2506 3461 2563 ⁴².
3496 2508 3637 2573 Qui-

1990 2591 2101 2648 bus
2134 2592 2368 2663 quidem
2387 2591 2662 2648 omnibus
2678 2591 2916 2664 pietatis
2934 2591 3154 2648 alumni
3170 2593 3255 2649 sic
3269 2595 3636 2653 sentiendum

1989 2697 2118 2738 esse
2150 2682 2408 2751 discunt,
2457 2686 2519 2738 ut
2551 2685 2667 2738 tres
2686 2699 2966 2754 personas
3003 2684 3062 2739 in
3083 2684 3252 2741 beata
3279 2689 3338 2741 et
3390 2685 3637 2743 immor-

1990 2772 2089 2828 tali
2122 2771 2426 2828 divinitate
2483 2771 2834 2844 intelligant,
2883 2790 3009 2844 qua:
3041 2774 3100 2829 in
3159 2779 3348 2844 Patre,
3380 2780 3438 2832 et
3467 2775 3631 2848 Filio,

1986 2871 2041 2917 et
2069 2860 2440 2917 sanctissimo
2471 2860 2687 2933 Spiritu
2721 2861 2996 2927 cernitur,
3025 2865 3082 2918 et
3112 2861 3344 2920 colitur.

2582 2996 2738 3052 CAP.
2780 2996 3040 3055 XXVIII.

1987 3114 2263 3170 Vicesima
2292 3121 2490 3170 octava
2515 3114 2736 3186 haeresis
2760 3113 3090 3170 SabettiiJIi
3120 3114 3498 3186 baptizaretur,
3518 3117 3626 3185 vet,

2284 3193 2342 3241 ut
2373 3185 2700 3257 quibusdam
2727 3186 2928 3257 placet,
2960 3185 3330 3257 inunguatur.

2054 3321 2344 3378 Sabellius
2379 3322 2592 3394 Libyca
2648 3322 2952 3394 Pentapoli
3010 3324 3298 3380 oriundus
3353 3342 3533 3382 unam
3566 3325 3626 3381 in

1976 3412 2164 3482 Patre,
2198 3411 2361 3482 Filio,
2406 3417 2462 3468 et
2485 3411 2707 3483 Spiritu
2743 3417 2946 3468 sancto
2981 3429 3291 3484 personam
3351 3416 3628 3486 praedica-

1975 3503 2095 3569 bat,
2127 3501 2397 3558 eumdem
2453 3518 2581 3556 esse
2612 3505 2839 3557 Patrem
2865 3517 3152 3572 asserens,
3188 3505 3289 3574 qui
3324 3506 3380 3559 et
3409 3503 3619 3572 Filius,

1974 3595 2030 3649 et
2055 3590 2312 3663 Spiritus
2351 3593 2592 3646 sanctus
2623 3595 2779 3646 esset
2834 3606 2848 3645 :
2882 3591 2964 3647 ita
2995 3597 3059 3646 ut
3089 3591 3148 3646 in
3199 3608 3316 3648 una
3372 3609 3620 3663 persona

1972 3685 2090 3737 tres
2123 3680 3117 3752 significationes,quemadmodum
3151 3681 3208 3735 in
3242 3682 3445 3736 eodem
3478 3697 3616 3749 quo-

1974 3789 2086 3845 que
2118 3772 2354 3828 homine
2385 3772 2843 3844 corpus,anima,
2875 3775 2932 3827 et
2961 3771 3203 3842 spiritus
3226 3771 3616 3840 deprehende-

1973 3865 2195 3918 rentur.
2229 3865 2419 3931 Atque
2450 3861 2510 3915 in
2567 3859 2758 3914 Veteri
2805 3859 3044 3929 quidem
3083 3862 3452 3914 Testamento
3484 3861 3615 3914 tan-

1972 3967 2147 4022 quam
2178 3950 2408 4005 Patrem
2431 3948 2588 4019 leges
2612 3947 2904 4014 tulisse,in
2930 3946 3082 4003 Novo
3107 3953 3381 4017 tanquam
3407 3947 3618 4004 Filium

1973 4055 2206 4096 carnem
2232 4035 2941 4107 assumpsisse,apostolis
2965 4039 3160 4092 autem
3178 4040 3460 4108 tanquam
3484 4039 3618 4110 Spi-

1973 4129 2146 4185 ritum
2177 4126 2713 4199 supervcnissc:ita
2741 4125 3075 4196 utcorporis
3104 4125 3339 4196 quidem
3363 4127 3620 4195 Pater,ut

1967 4216 2049 4271 ita
2080 4216 2293 4284 dicam,
2340 4214 2550 4269 anima:
2572 4230 2706 4270 vero
2750 4213 2957 4284 Filius,
2989 4215 3232 4286 spiritus
3265 4216 3516 4288 denique
3543 4218 3620 4271 vi-

1971 4308 2365 4370 cem,sanctus
2398 4303 2495 4358 ille
2526 4303 2823 4374 suppleret
2867 4303 3158 4376 Spiritus:
3193 4304 3280 4359 vel
3338 4310 3617 4376 tanquam

1970 4395 2030 4450 in
2063 4394 2206 4464 sole,
2235 4396 2406 4464 cujus
2439 4409 2556 4448 una
2602 4410 2852 4464 persona
2880 4398 2988 4461 est,
3051 4398 3169 4450 tres
3201 4394 3458 4450 actiones
3487 4397 3614 4451 elu-

1970 4489 2286 4552 cescerent,
2322 4484 2600 4539 nimirum
2633 4483 3044 4552 illuminativa,
3081 4484 3432 4553 calefactiva,
3459 4486 3620 4557 ipsa-

1973 4591 2086 4646 que
2118 4574 2453 4646 ﬁgura,qua
2483 4571 2544 4627 in
2575 4574 2773 4628 orbem
2807 4573 3266 4628 circumducitur
3297 4580 3508 4646 ;atque
3531 4592 3622 4631 ca-

1897 4638 1940 4702 D
1973 4638 2236 4718 lefacliva
2288 4638 2525 4734 quidem
2559 4661 2704 4718 actio
2745 4661 3000 4734 Spiritus
3035 4680 3048 4718 :
3082 4638 3492 4731 illuminativa,
3527 4665 3617 4718 Fi-

1973 4753 2087 4809 lius
2119 4770 2131 4807 :
2158 4753 2338 4808 totius
2383 4751 2634 4824 denique
2691 4768 2950 4823 persona)
3006 4753 3214 4824 ﬁgura,
3245 4758 3419 4809 Pater
3441 4759 3616 4810 esset.

1974 4842 2182 4898 Filium
2211 4843 2482 4909 addebat,
2529 4847 2807 4912 tanquam
2840 4842 3093 4912 radium,
3127 4842 3440 4913 aliquando
3474 4845 3619 4899 mis-

1970 4948 2100 4989 sum
2133 4949 2286 5000 esse,
2321 4932 2438 4988 imo
2493 4930 2686 5003 potius
2735 4933 2966 4987 Patrem
2999 4931 3057 4985 in
3108 4932 3298 5003 specie
3356 4931 3482 4985 Filii
3516 4935 3618 4988 de-

1969 5022 2288 5092 scendisse,
2339 5021 2438 5094 qui
2467 5038 2534 5078 ea
2563 5025 2896 5090 exsecutus,
2936 5037 3064 5092 qure
3096 5021 3169 5075 ad
3220 5020 3616 5092 evangelicum

1970 5111 2466 5183 dispensationem
2499 5109 2870 5182 pertinebant
2915 5127 2927 5165 :
2959 5114 3239 5181 tanquam
3273 5109 3456 5166 Filius
3489 5127 3614 5167 rur-

1966 5215 2070 5257 sus
2099 5200 2156 5255 in
2189 5199 2401 5256 coelum
2435 5203 2700 5272 receptus
2729 5203 2906 5266 esset,
2965 5215 3077 5254 non
3111 5214 3281 5255 secus
3312 5203 3488 5272 atque
3522 5218 3618 5257 ra-

1965 5289 2100 5345 dius
2129 5306 2164 5344 a
2195 5289 2316 5345 sole
2351 5289 2568 5344 missus
2590 5289 2659 5343 ad
2695 5291 2891 5359 ipsum
2924 5288 3115 5342 denuo
3151 5304 3210 5343 se
3243 5289 3617 5361 recipit.San-

1964 5381 2120 5433 ctum
2155 5377 2406 5449 denique
2423 5377 2701 5449 Spiritum
2724 5378 2778 5431 in
2801 5377 2959 5431 hunc
2984 5377 3294 5446 mundum,
3329 5381 3613 5451 tanquam

1963 5466 2283 5538 snergiam,
2317 5482 2418 5523 seu
2451 5466 2566 5522 vim
2597 5465 2917 5522 ciiectivarn
2953 5465 3142 5522 Patris
3191 5467 3440 5524 missum
3467 5485 3612 5542 esse;

1962 5555 2034 5611 ad
2076 5571 2175 5611 eos
2206 5559 2262 5612 et
2292 5554 2526 5628 publice
2544 5561 2600 5610 et
2631 5554 2925 5626 privatim,
2961 5554 3148 5626 quiab
3182 5555 3280 5612 illo
3311 5559 3611 5633 viviﬁcari,

1977 5672 2032 5727 5.
2113 5671 2159 5705 ³⁵
2209 5673 2373 5728 Joan.
2433 5689 2525 5736 xv,
2578 5672 2666 5744 26.
2742 5669 2788 5705 ³⁸
2817 5670 2987 5727 Joan.
3048 5674 3286 5744 xvr,14.
3365 5676 3410 5713 ³⁷
3439 5677 3606 5736 Joan.

202 5765 243 5820 1,
276 5752 324 5806 1.
401 5748 446 5784 ³⁸
479 5747 624 5806 Ibid.
659 5747 742 5802 14.
820 5743 864 5780 ³9
897 5745 1024 5800 Luc.
1061 5759 1101 5813 ι,
1134 5742 1222 5797 35.
1305 5740 1350 5776 ⁴⁰
1378 5742 1530 5800 Psal.
1565 5759 1712 5811 xuv,
1745 5745 1800 5799 8.

1989 5761 2121 5802 oan.
2155 5761 2245 5813 xx,
2281 5745 2367 5800 17.
2444 5745 2488 5779 ⁴¹
2516 5743 2664 5800 Ibid.
