  <div class='ocr_page' id='page_1' title='image "/cluster/home/n/w/nwhite01/storage/ocr_20150623/139/hvd.32044023361710/655.png"; bbox 0 0 4058 6212; ppageno 0'>
   <div class='ocr_carea' id='block_1_1' title="bbox 423 357 579 419">
    <p class='ocr_par' dir='ltr' id='par_1_1' title="bbox 423 357 579 419">
     <span class='ocr_line' id='line_1_1' title="bbox 423 357 579 419; baseline -0.006 0"><span class='ocrx_word' id='word_1_1' title='bbox 423 357 579 419; x_wconf 76' lang='grc'><strong>1299</strong></span> 
     </span>
    </p>
   </div>
   <div class='ocr_carea' id='block_1_2' title="bbox 1744 337 2514 406">
    <p class='ocr_par' dir='ltr' id='par_1_2' title="bbox 1744 337 2514 406">
     <span class='ocr_line' id='line_1_2' title="bbox 1744 337 2514 406; baseline -0.008 0"><span class='ocrx_word' id='word_1_2' title='bbox 1744 338 2055 406; x_wconf 70' lang='grc' dir='ltr'><strong>ΝΙΕΕἮΕ</strong></span> <span class='ocrx_word' id='word_1_3' title='bbox 2095 337 2514 400; x_wconf 70' lang='lat' dir='ltr'><strong>CHONIAT/E</strong></span> 
     </span>
    </p>
   </div>
   <div class='ocr_carea' id='block_1_3' title="bbox 3688 343 3842 403">
    <p class='ocr_par' dir='ltr' id='par_1_3' title="bbox 3688 343 3842 403">
     <span class='ocr_line' id='line_1_3' title="bbox 3688 343 3842 403; baseline 0.013 -2"><span class='ocrx_word' id='word_1_4' title='bbox 3688 343 3712 401; x_wconf 90' lang='grc'><strong>1</strong></span> <span class='ocrx_word' id='word_1_5' title='bbox 3722 344 3842 403; x_wconf 85' lang='grc'><strong>300</strong></span> 
     </span>
    </p>
   </div>
   <div class='ocr_carea' id='block_1_4' title="bbox 433 470 3852 560">
    <p class='ocr_par' dir='ltr' id='par_1_4' title="bbox 433 470 3852 560">
     <span class='ocr_line' id='line_1_4' title="bbox 433 470 3852 560; baseline -0.005 -13"><span class='ocrx_word' id='word_1_6' title='bbox 433 489 634 560; x_wconf 79' lang='lat' dir='ltr'><strong>foveri,</strong></span> <span class='ocrx_word' id='word_1_7' title='bbox 687 491 744 544; x_wconf 87' lang='lat' dir='ltr'><strong>et</strong></span> <span class='ocrx_word' id='word_1_8' title='bbox 781 485 1054 555; x_wconf 78' lang='lat' dir='ltr'><strong>calefieri,</strong></span> <span class='ocrx_word' id='word_1_9' title='bbox 1113 484 1261 541; x_wconf 90' lang='lat' dir='ltr'><strong>votis</strong></span> <span class='ocrx_word' id='word_1_10' title='bbox 1319 481 1661 540; x_wconf 78' lang='lat' dir='ltr'><strong>ardentibus</strong></span> <span class='ocrx_word' id='word_1_11' title='bbox 1717 476 2071 552; x_wconf 81' lang='lat' dir='ltr'><strong>expeterent.</strong></span> <span class='ocrx_word' id='word_1_12' title='bbox 2105 474 2162 538; x_wconf 83' lang='lat' dir='ltr'><strong>A</strong></span> <span class='ocrx_word' id='word_1_13' title='bbox 2193 477 2439 529; x_wconf 86' lang='lat' dir='ltr'><strong>Prorsus</strong></span> <span class='ocrx_word' id='word_1_14' title='bbox 2466 472 2623 528; x_wconf 89' lang='lat' dir='ltr'><strong>enim</strong></span> <span class='ocrx_word' id='word_1_15' title='bbox 2657 470 2969 543; x_wconf 75' lang='lat' dir='ltr'><strong>conjuncta</strong></span> <span class='ocrx_word' id='word_1_16' title='bbox 2998 473 3074 542; x_wconf 83' lang='lat' dir='ltr'><strong>(et</strong></span> <span class='ocrx_word' id='word_1_17' title='bbox 3125 476 3520 543; x_wconf 82' lang='lat' dir='ltr'><strong>consequetur</strong></span> <span class='ocrx_word' id='word_1_18' title='bbox 3549 472 3852 546; x_wconf 81' lang='lat' dir='ltr'><strong>deinceps‘</strong></span> 
     </span>
    </p>
   </div>
   <div class='ocr_carea' id='block_1_5' title="bbox 743 607 1762 680">
    <p class='ocr_par' dir='ltr' id='par_1_5' title="bbox 743 607 1762 680">
     <span class='ocr_line' id='line_1_5' title="bbox 743 607 1762 680; baseline -0.01 -13"><span class='ocrx_word' id='word_1_19' title='bbox 743 614 1010 667; x_wconf 69' lang='lat' dir='ltr'><strong>Haereseos</strong></span> <span class='ocrx_word' id='word_1_20' title='bbox 1047 608 1408 680; x_wconf 72' lang='lat' dir='ltr'><strong>praecedentis</strong></span> <span class='ocrx_word' id='word_1_21' title='bbox 1440 607 1762 677; x_wconf 83' lang='lat' dir='ltr'><strong>con/utatio.</strong></span> 
     </span>
    </p>
   </div>
   <div class='ocr_carea' id='block_1_6' title="bbox 505 727 2081 808">
    <p class='ocr_par' dir='ltr' id='par_1_6' title="bbox 505 727 2081 808">
     <span class='ocr_line' id='line_1_6' title="bbox 505 727 2081 808; baseline -0.011 -11"><span class='ocrx_word' id='word_1_22' title='bbox 505 745 638 808; x_wconf 65' lang='lat' dir='ltr'><strong>Quae</strong></span> <span class='ocrx_word' id='word_1_23' title='bbox 671 743 873 795; x_wconf 90' lang='lat' dir='ltr'><strong>contra</strong></span> <span class='ocrx_word' id='word_1_24' title='bbox 894 738 1139 793; x_wconf 87' lang='lat' dir='ltr'><strong>Noetum</strong></span> <span class='ocrx_word' id='word_1_25' title='bbox 1171 737 1327 790; x_wconf 90' lang='lat' dir='ltr'><strong>dicta</strong></span> <span class='ocrx_word' id='word_1_26' title='bbox 1357 740 1496 790; x_wconf 86' lang='lat' dir='ltr'><strong>sunt</strong></span> <span class='ocrx_word' id='word_1_27' title='bbox 1527 732 1759 801; x_wconf 77' lang='grc' dir='ltr'><strong>(48),ουὶ</strong></span> <span class='ocrx_word' id='word_1_28' title='bbox 1792 727 2081 784; x_wconf 85' lang='lat' dir='ltr'><strong>Sabellius</strong></span> 
     </span>
    </p>
   </div>
   <div class='ocr_carea' id='block_1_7' title="bbox 436 818 2078 902">
    <p class='ocr_par' dir='ltr' id='par_1_7' title="bbox 436 818 2078 902">
     <span class='ocr_line' id='line_1_7' title="bbox 436 818 2078 902; baseline -0.01 -17"><span class='ocrx_word' id='word_1_29' title='bbox 436 832 524 902; x_wconf 89' lang='lat' dir='ltr'><strong>(ut</strong></span> <span class='ocrx_word' id='word_1_30' title='bbox 555 847 622 885; x_wconf 84' lang='lat' dir='ltr'><strong>ex</strong></span> <span class='ocrx_word' id='word_1_31' title='bbox 653 828 934 882; x_wconf 70' lang='lat' dir='ltr'><strong>haereseos</strong></span> <span class='ocrx_word' id='word_1_32' title='bbox 958 825 1342 881; x_wconf 78' lang='lat' dir='ltr'><strong>similitudine</strong></span> <span class='ocrx_word' id='word_1_33' title='bbox 1369 820 1738 894; x_wconf 90' lang='lat' dir='ltr'><strong>perspicuum</strong></span> <span class='ocrx_word' id='word_1_34' title='bbox 1769 818 1876 888; x_wconf 90' lang='lat' dir='ltr'><strong>est)</strong></span> <span class='ocrx_word' id='word_1_35' title='bbox 1910 831 2078 870; x_wconf 88' lang='lat' dir='ltr'><strong>suam</strong></span> 
     </span>
    </p>
   </div>
   <div class='ocr_carea' id='block_1_8' title="bbox 436 907 2080 992">
    <p class='ocr_par' dir='ltr' id='par_1_8' title="bbox 436 907 2080 992">
     <span class='ocr_line' id='line_1_8' title="bbox 436 907 2080 992; baseline -0.01 -18"><span class='ocrx_word' id='word_1_36' title='bbox 436 918 776 992; x_wconf 84' lang='lat' dir='ltr'><strong>proditurus</strong></span> <span class='ocrx_word' id='word_1_37' title='bbox 809 914 1161 987; x_wconf 78' lang='lat' dir='ltr'><strong>imperitiam</strong></span> <span class='ocrx_word' id='word_1_38' title='bbox 1197 911 1463 977; x_wconf 59' lang='lat' dir='ltr'><strong>adhaesit,</strong></span> <span class='ocrx_word' id='word_1_39' title='bbox 1495 911 1564 965; x_wconf 94' lang='lat' dir='ltr'><strong>ad</strong></span> <span class='ocrx_word' id='word_1_40' title='bbox 1599 907 1918 964; x_wconf 86' lang='lat' dir='ltr'><strong>Sabellium</strong></span> <span class='ocrx_word' id='word_1_41' title='bbox 1943 922 2080 975; x_wconf 90' lang='lat' dir='ltr'><strong>quo—</strong></span> 
     </span>
    </p>
   </div>
   <div class='ocr_carea' id='block_1_9' title="bbox 438 997 2082 1081">
    <p class='ocr_par' dir='ltr' id='par_1_9' title="bbox 438 997 2082 1081">
     <span class='ocr_line' id='line_1_9' title="bbox 438 997 2082 1081; baseline -0.009 -18"><span class='ocrx_word' id='word_1_42' title='bbox 438 1025 552 1081; x_wconf 91' lang='lat' dir='ltr'><strong>que</strong></span> <span class='ocrx_word' id='word_1_43' title='bbox 584 1007 1010 1063; x_wconf 83' lang='lat' dir='ltr'><strong>confutandam</strong></span> <span class='ocrx_word' id='word_1_44' title='bbox 1045 1003 1368 1057; x_wconf 75' lang='lat' dir='ltr'><strong>sufﬁciunt.</strong></span> <span class='ocrx_word' id='word_1_45' title='bbox 1402 1001 1483 1054; x_wconf 78' lang='lat' dir='ltr'><strong>Ad</strong></span> <span class='ocrx_word' id='word_1_46' title='bbox 1519 997 1861 1068; x_wconf 76' lang='lat' dir='ltr'><strong>ampliorem</strong></span> <span class='ocrx_word' id='word_1_47' title='bbox 1913 1009 2082 1066; x_wconf 91' lang='lat' dir='ltr'><strong>porro</strong></span> 
     </span>
    </p>
   </div>
   <div class='ocr_carea' id='block_1_10' title="bbox 439 1085 2082 1155">
    <p class='ocr_par' dir='ltr' id='par_1_10' title="bbox 439 1085 2082 1155">
     <span class='ocr_line' id='line_1_10' title="bbox 439 1085 2082 1155; baseline -0.01 -2"><span class='ocrx_word' id='word_1_48' title='bbox 439 1096 904 1154; x_wconf 89' lang='lat' dir='ltr'><strong>Sabellianorum</strong></span> <span class='ocrx_word' id='word_1_49' title='bbox 952 1093 1244 1148; x_wconf 67' lang='lat' dir='ltr'><strong>haereseos</strong></span> <span class='ocrx_word' id='word_1_50' title='bbox 1285 1089 1738 1146; x_wconf 75' lang='lat' dir='ltr'><strong>contutationem</strong></span> <span class='ocrx_word' id='word_1_51' title='bbox 1783 1085 1904 1140; x_wconf 71' lang='lat' dir='ltr'><strong>haec</strong></span> <span class='ocrx_word' id='word_1_52' title='bbox 1942 1100 2082 1155; x_wconf 88' lang='lat' dir='ltr'><strong>quo-</strong></span> 
     </span>
    </p>
   </div>
   <div class='ocr_carea' id='block_1_11' title="bbox 441 1176 2088 1262">
    <p class='ocr_par' dir='ltr' id='par_1_11' title="bbox 441 1176 2088 1262">
     <span class='ocr_line' id='line_1_11' title="bbox 441 1176 2088 1262; baseline -0.01 -16"><span class='ocrx_word' id='word_1_53' title='bbox 441 1205 554 1262; x_wconf 91' lang='lat' dir='ltr'><strong>que</strong></span> <span class='ocrx_word' id='word_1_54' title='bbox 605 1186 953 1259; x_wconf 82' lang='lat' dir='ltr'><strong>supcradjici</strong></span> <span class='ocrx_word' id='word_1_55' title='bbox 1011 1188 1262 1257; x_wconf 88' lang='lat' dir='ltr'><strong>possunt</strong></span> <span class='ocrx_word' id='word_1_56' title='bbox 1310 1198 1324 1238; x_wconf 90' lang='lat'><strong>:</strong></span> <span class='ocrx_word' id='word_1_57' title='bbox 1371 1182 1431 1238; x_wconf 87' lang='lat' dir='ltr'><strong>Si</strong></span> <span class='ocrx_word' id='word_1_58' title='bbox 1485 1197 1638 1236; x_wconf 91' lang='lat' dir='ltr'><strong>unus</strong></span> <span class='ocrx_word' id='word_1_59' title='bbox 1689 1179 1961 1249; x_wconf 88' lang='lat' dir='ltr'><strong>idemque</strong></span> <span class='ocrx_word' id='word_1_60' title='bbox 2011 1176 2088 1231; x_wconf 85' lang='lat' dir='ltr'><strong>sit</strong></span> 
     </span>
    </p>
   </div>
   <div class='ocr_carea' id='block_1_12' title="bbox 440 1265 2086 1346">
    <p class='ocr_par' dir='ltr' id='par_1_12' title="bbox 440 1265 2086 1346">
     <span class='ocr_line' id='line_1_12' title="bbox 440 1265 2086 1346; baseline -0.01 -11"><span class='ocrx_word' id='word_1_61' title='bbox 440 1284 609 1335; x_wconf 90' lang='lat' dir='ltr'><strong>Pater</strong></span> <span class='ocrx_word' id='word_1_62' title='bbox 637 1283 693 1332; x_wconf 90' lang='lat' dir='ltr'><strong>et</strong></span> <span class='ocrx_word' id='word_1_63' title='bbox 723 1277 924 1343; x_wconf 87' lang='lat' dir='ltr'><strong>Filius,</strong></span> <span class='ocrx_word' id='word_1_64' title='bbox 959 1290 1250 1346; x_wconf 65' lang='lat' dir='ltr'><strong>quaenam,</strong></span> <span class='ocrx_word' id='word_1_65' title='bbox 1284 1287 1502 1344; x_wconf 75' lang='lat' dir='ltr'><strong>qumso,</strong></span> <span class='ocrx_word' id='word_1_66' title='bbox 1531 1269 1842 1324; x_wconf 88' lang='lat' dir='ltr'><strong>nominum</strong></span> <span class='ocrx_word' id='word_1_67' title='bbox 1879 1265 2086 1320; x_wconf 90' lang='lat' dir='ltr'><strong>distin-</strong></span> 
     </span>
    </p>
   </div>
   <div class='ocr_carea' id='block_1_13' title="bbox 442 1353 2084 1432">
    <p class='ocr_par' dir='ltr' id='par_1_13' title="bbox 442 1353 2084 1432">
     <span class='ocr_line' id='line_1_13' title="bbox 442 1353 2084 1432; baseline -0.01 -8"><span class='ocrx_word' id='word_1_68' title='bbox 442 1367 652 1424; x_wconf 87' lang='lat' dir='ltr'><strong>ctionis</strong></span> <span class='ocrx_word' id='word_1_69' title='bbox 687 1365 832 1422; x_wconf 81' lang='lat' dir='ltr'><strong>ratio</strong></span> <span class='ocrx_word' id='word_1_70' title='bbox 862 1363 1084 1420; x_wconf 82' lang='lat' dir='ltr'><strong>fuerit?</strong></span> <span class='ocrx_word' id='word_1_71' title='bbox 1115 1362 1260 1417; x_wconf 86' lang='lat' dir='ltr'><strong>Nam</strong></span> <span class='ocrx_word' id='word_1_72' title='bbox 1306 1361 1408 1432; x_wconf 91' lang='lat' dir='ltr'><strong>qui</strong></span> <span class='ocrx_word' id='word_1_73' title='bbox 1451 1357 1574 1414; x_wconf 85' lang='lat' dir='ltr'><strong>tleri</strong></span> <span class='ocrx_word' id='word_1_74' title='bbox 1620 1360 1827 1429; x_wconf 89' lang='lat' dir='ltr'><strong>potest,</strong></span> <span class='ocrx_word' id='word_1_75' title='bbox 1879 1359 1943 1409; x_wconf 89' lang='lat' dir='ltr'><strong>ut</strong></span> <span class='ocrx_word' id='word_1_76' title='bbox 1991 1353 2084 1425; x_wconf 88' lang='lat' dir='ltr'><strong>qui</strong></span> 
     </span>
    </p>
   </div>
   <div class='ocr_carea' id='block_1_14' title="bbox 444 1445 2088 1525">
    <p class='ocr_par' dir='ltr' id='par_1_14' title="bbox 444 1445 2088 1525">
     <span class='ocr_line' id='line_1_14' title="bbox 444 1445 2088 1525; baseline -0.009 -13"><span class='ocrx_word' id='word_1_77' title='bbox 444 1457 623 1514; x_wconf 89' lang='lat' dir='ltr'><strong>alium</strong></span> <span class='ocrx_word' id='word_1_78' title='bbox 667 1472 781 1511; x_wconf 90' lang='lat' dir='ltr'><strong>non</strong></span> <span class='ocrx_word' id='word_1_79' title='bbox 802 1454 1025 1525; x_wconf 85' lang='lat' dir='ltr'><strong>genuit,</strong></span> <span class='ocrx_word' id='word_1_80' title='bbox 1054 1452 1242 1519; x_wconf 88' lang='lat' dir='ltr'><strong>Pater,</strong></span> <span class='ocrx_word' id='word_1_81' title='bbox 1266 1455 1322 1507; x_wconf 91' lang='lat' dir='ltr'><strong>et</strong></span> <span class='ocrx_word' id='word_1_82' title='bbox 1345 1448 1444 1521; x_wconf 89' lang='lat' dir='ltr'><strong>qui</strong></span> <span class='ocrx_word' id='word_1_83' title='bbox 1464 1447 1623 1503; x_wconf 91' lang='lat' dir='ltr'><strong>nullo</strong></span> <span class='ocrx_word' id='word_1_84' title='bbox 1653 1462 1892 1518; x_wconf 85' lang='lat' dir='ltr'><strong>prorsus</strong></span> <span class='ocrx_word' id='word_1_85' title='bbox 1916 1445 2088 1499; x_wconf 90' lang='lat' dir='ltr'><strong>modo</strong></span> 
     </span>
    </p>
   </div>
   <div class='ocr_carea' id='block_1_15' title="bbox 445 1535 2093 1621">
    <p class='ocr_par' dir='ltr' id='par_1_15' title="bbox 445 1535 2093 1621">
     <span class='ocr_line' id='line_1_15' title="bbox 445 1535 2093 1621; baseline -0.01 -15"><span class='ocrx_word' id='word_1_86' title='bbox 445 1549 679 1621; x_wconf 80' lang='lat' dir='ltr'><strong>genitus</strong></span> <span class='ocrx_word' id='word_1_87' title='bbox 710 1552 824 1615; x_wconf 90' lang='lat' dir='ltr'><strong>est,</strong></span> <span class='ocrx_word' id='word_1_88' title='bbox 859 1545 1038 1601; x_wconf 82' lang='lat' dir='ltr'><strong>Filius</strong></span> <span class='ocrx_word' id='word_1_89' title='bbox 1069 1543 1392 1615; x_wconf 86' lang='lat' dir='ltr'><strong>appelletur</strong></span> <span class='ocrx_word' id='word_1_90' title='bbox 1412 1545 1436 1594; x_wconf 72' lang='lat'><strong>.9</strong></span> <span class='ocrx_word' id='word_1_91' title='bbox 1459 1539 1605 1604; x_wconf 88' lang='lat' dir='ltr'><strong>Quia</strong></span> <span class='ocrx_word' id='word_1_92' title='bbox 1625 1556 1759 1594; x_wconf 88' lang='lat' dir='ltr'><strong>vero</strong></span> <span class='ocrx_word' id='word_1_93' title='bbox 1780 1537 1945 1592; x_wconf 90' lang='lat' dir='ltr'><strong>illum</strong></span> <span class='ocrx_word' id='word_1_94' title='bbox 1971 1535 2093 1607; x_wconf 88' lang='lat' dir='ltr'><strong>qui-</strong></span> 
     </span>
    </p>
   </div>
   <div class='ocr_carea' id='block_1_16' title="bbox 449 1629 2094 1707">
    <p class='ocr_par' dir='ltr' id='par_1_16' title="bbox 449 1629 2094 1707">
     <span class='ocr_line' id='line_1_16' title="bbox 449 1629 2094 1707; baseline -0.009 -14"><span class='ocrx_word' id='word_1_95' title='bbox 449 1640 580 1693; x_wconf 89' lang='lat' dir='ltr'><strong>dem</strong></span> <span class='ocrx_word' id='word_1_96' title='bbox 613 1635 908 1707; x_wconf 83' lang='lat' dir='ltr'><strong>genuisse,</strong></span> <span class='ocrx_word' id='word_1_97' title='bbox 933 1633 1090 1687; x_wconf 91' lang='lat' dir='ltr'><strong>hunc</strong></span> <span class='ocrx_word' id='word_1_98' title='bbox 1127 1639 1320 1686; x_wconf 88' lang='lat' dir='ltr'><strong>autem</strong></span> <span class='ocrx_word' id='word_1_99' title='bbox 1353 1629 1613 1700; x_wconf 90' lang='lat' dir='ltr'><strong>genitum</strong></span> <span class='ocrx_word' id='word_1_100' title='bbox 1647 1643 1773 1682; x_wconf 88' lang='lat' dir='ltr'><strong>esse</strong></span> <span class='ocrx_word' id='word_1_101' title='bbox 1805 1642 1982 1681; x_wconf 67' lang='lat' dir='ltr'><strong>sacrae</strong></span> <span class='ocrx_word' id='word_1_102' title='bbox 2014 1630 2094 1679; x_wconf 90' lang='lat' dir='ltr'><strong>at-</strong></span> 
     </span>
    </p>
   </div>
   <div class='ocr_carea' id='block_1_17' title="bbox 449 1715 2093 1789">
    <p class='ocr_par' dir='ltr' id='par_1_17' title="bbox 449 1715 2093 1789">
     <span class='ocr_line' id='line_1_17' title="bbox 449 1715 2093 1789; baseline -0.007 -9"><span class='ocrx_word' id='word_1_103' title='bbox 449 1730 736 1782; x_wconf 83' lang='lat' dir='ltr'><strong>testantur</strong></span> <span class='ocrx_word' id='word_1_104' title='bbox 777 1724 1024 1788; x_wconf 69' lang='lat' dir='ltr'><strong>Litteras,</strong></span> <span class='ocrx_word' id='word_1_105' title='bbox 1067 1737 1132 1775; x_wconf 94' lang='lat' dir='ltr'><strong>eo</strong></span> <span class='ocrx_word' id='word_1_106' title='bbox 1181 1720 1263 1788; x_wconf 87' lang='lat' dir='ltr'><strong>iit,</strong></span> <span class='ocrx_word' id='word_1_107' title='bbox 1298 1723 1360 1772; x_wconf 92' lang='lat' dir='ltr'><strong>ut</strong></span> <span class='ocrx_word' id='word_1_108' title='bbox 1400 1734 1501 1789; x_wconf 91' lang='lat' dir='ltr'><strong>per</strong></span> <span class='ocrx_word' id='word_1_109' title='bbox 1543 1735 1605 1772; x_wconf 90' lang='lat' dir='ltr'><strong>se</strong></span> <span class='ocrx_word' id='word_1_110' title='bbox 1646 1715 1992 1780; x_wconf 84' lang='lat' dir='ltr'><strong>subsistant,</strong></span> <span class='ocrx_word' id='word_1_111' title='bbox 2038 1719 2093 1768; x_wconf 91' lang='lat' dir='ltr'><strong>et</strong></span> 
     </span>
    </p>
   </div>
   <div class='ocr_carea' id='block_1_18' title="bbox 2181 561 3850 635">
    <p class='ocr_par' dir='ltr' id='par_1_18' title="bbox 2181 561 3850 635">
     <span class='ocr_line' id='line_1_18' title="bbox 2181 561 3850 635; baseline 0.002 -18"><span class='ocrx_word' id='word_1_112' title='bbox 2181 567 2244 617; x_wconf 91' lang='lat' dir='ltr'><strong>ut</strong></span> <span class='ocrx_word' id='word_1_113' title='bbox 2279 564 2428 618; x_wconf 91' lang='lat' dir='ltr'><strong>Deus</strong></span> <span class='ocrx_word' id='word_1_114' title='bbox 2489 563 2660 618; x_wconf 89' lang='lat' dir='ltr'><strong>Pater</strong></span> <span class='ocrx_word' id='word_1_115' title='bbox 2707 578 2943 617; x_wconf 90' lang='lat' dir='ltr'><strong>carnem</strong></span> <span class='ocrx_word' id='word_1_116' title='bbox 2977 561 3376 632; x_wconf 82' lang='lat' dir='ltr'><strong>assumpsisse</strong></span> <span class='ocrx_word' id='word_1_117' title='bbox 3426 562 3686 629; x_wconf 87' lang='lat' dir='ltr'><strong>dicatur,</strong></span> <span class='ocrx_word' id='word_1_118' title='bbox 3723 581 3850 635; x_wconf 85' lang='lat' dir='ltr'><strong>pro-</strong></span> 
     </span>
    </p>
   </div>
   <div class='ocr_carea' id='block_1_19' title="bbox 2185 642 3847 723">
    <p class='ocr_par' dir='ltr' id='par_1_19' title="bbox 2185 642 3847 723">
     <span class='ocr_line' id='line_1_19' title="bbox 2185 642 3847 723; baseline 0.002 -19"><span class='ocrx_word' id='word_1_119' title='bbox 2185 659 2311 723; x_wconf 84' lang='lat' dir='ltr'><strong>pter</strong></span> <span class='ocrx_word' id='word_1_120' title='bbox 2366 650 2523 706; x_wconf 89' lang='lat' dir='ltr'><strong>illam</strong></span> <span class='ocrx_word' id='word_1_121' title='bbox 2582 650 2914 706; x_wconf 83' lang='lat' dir='ltr'><strong>divinitatis</strong></span> <span class='ocrx_word' id='word_1_122' title='bbox 2971 642 3206 719; x_wconf 73' lang='grc' dir='ltr'><strong>ἔκτασιν,</strong></span> <span class='ocrx_word' id='word_1_123' title='bbox 3254 667 3357 706; x_wconf 89' lang='lat' dir='ltr'><strong>seu</strong></span> <span class='ocrx_word' id='word_1_124' title='bbox 3417 652 3847 721; x_wconf 85' lang='lat' dir='ltr'><strong>extensiouem,</strong></span> 
     </span>
    </p>
   </div>
   <div class='ocr_carea' id='block_1_20' title="bbox 2185 738 3849 813">
    <p class='ocr_par' dir='ltr' id='par_1_20' title="bbox 2185 738 3849 813">
     <span class='ocr_line' id='line_1_20' title="bbox 2185 738 3849 813; baseline 0.003 -20"><span class='ocrx_word' id='word_1_125' title='bbox 2185 756 2356 811; x_wconf 90' lang='lat' dir='ltr'><strong>quam</strong></span> <span class='ocrx_word' id='word_1_126' title='bbox 2404 738 2710 794; x_wconf 84' lang='lat' dir='ltr'><strong>Marcellus</strong></span> <span class='ocrx_word' id='word_1_127' title='bbox 2770 739 3113 807; x_wconf 86' lang='lat' dir='ltr'><strong>introduxit,</strong></span> <span class='ocrx_word' id='word_1_128' title='bbox 3147 757 3261 794; x_wconf 88' lang='lat' dir='ltr'><strong>una</strong></span> <span class='ocrx_word' id='word_1_129' title='bbox 3319 757 3453 796; x_wconf 90' lang='lat' dir='ltr'><strong>cum</strong></span> <span class='ocrx_word' id='word_1_130' title='bbox 3489 757 3849 813; x_wconf 89' lang='lat' dir='ltr'><strong>concorpore</strong></span> 
     </span>
    </p>
   </div>
   <div class='ocr_carea' id='block_1_21' title="bbox 2185 829 3846 902">
    <p class='ocr_par' dir='ltr' id='par_1_21' title="bbox 2185 829 3846 902">
     <span class='ocr_line' id='line_1_21' title="bbox 2185 829 3846 902; baseline 0.004 -20"><span class='ocrx_word' id='word_1_131' title='bbox 2185 829 2356 884; x_wconf 86' lang='lat' dir='ltr'><strong>Verbi</strong></span> <span class='ocrx_word' id='word_1_132' title='bbox 2389 829 2486 884; x_wconf 89' lang='lat' dir='ltr'><strong>Dei</strong></span> <span class='ocrx_word' id='word_1_133' title='bbox 2521 829 2711 884; x_wconf 91' lang='lat' dir='ltr'><strong>denuo</strong></span> <span class='ocrx_word' id='word_1_134' title='bbox 2743 829 2800 883; x_wconf 92' lang='lat' dir='ltr'><strong>in</strong></span> <span class='ocrx_word' id='word_1_135' title='bbox 2835 830 3100 884; x_wconf 85' lang='lat' dir='ltr'><strong>eamdem</strong></span> <span class='ocrx_word' id='word_1_136' title='bbox 3132 829 3548 894; x_wconf 84' lang='lat' dir='ltr'><strong>contractione,</strong></span> <span class='ocrx_word' id='word_1_137' title='bbox 3582 848 3715 902; x_wconf 70' lang='lat' dir='ltr'><strong>quae</strong></span> <span class='ocrx_word' id='word_1_138' title='bbox 3746 849 3846 888; x_wconf 85' lang='lat' dir='ltr'><strong>ne-</strong></span> 
     </span>
    </p>
   </div>
   <div class='ocr_carea' id='block_1_22' title="bbox 2189 916 3842 988">
    <p class='ocr_par' dir='ltr' id='par_1_22' title="bbox 2189 916 3842 988">
     <span class='ocr_line' id='line_1_22' title="bbox 2189 916 3842 988; baseline 0.002 -16"><span class='ocrx_word' id='word_1_139' title='bbox 2189 916 2442 972; x_wconf 87' lang='lat' dir='ltr'><strong>cessario</strong></span> <span class='ocrx_word' id='word_1_140' title='bbox 2474 920 2954 988; x_wconf 88' lang='lat' dir='ltr'><strong>consequeretur.</strong></span> <span class='ocrx_word' id='word_1_141' title='bbox 2985 917 3110 972; x_wconf 90' lang='lat' dir='ltr'><strong>Una</strong></span> <span class='ocrx_word' id='word_1_142' title='bbox 3156 919 3310 972; x_wconf 85' lang='lat' dir='ltr'><strong>enin:</strong></span> <span class='ocrx_word' id='word_1_143' title='bbox 3345 919 3509 974; x_wconf 83' lang='lat' dir='ltr'><strong>Verbi</strong></span> <span class='ocrx_word' id='word_1_144' title='bbox 3533 919 3635 975; x_wconf 88' lang='lat' dir='ltr'><strong>Dei</strong></span> <span class='ocrx_word' id='word_1_145' title='bbox 3666 922 3842 976; x_wconf 87' lang='lat' dir='ltr'><strong>etiam</strong></span> 
     </span>
    </p>
   </div>
   <div class='ocr_carea' id='block_1_23' title="bbox 2189 1008 3847 1079">
    <p class='ocr_par' dir='ltr' id='par_1_23' title="bbox 2189 1008 3847 1079">
     <span class='ocr_line' id='line_1_23' title="bbox 2189 1008 3847 1079; baseline 0.002 -18"><span class='ocrx_word' id='word_1_146' title='bbox 2189 1013 2319 1076; x_wconf 87' lang='lat' dir='ltr'><strong>post</strong></span> <span class='ocrx_word' id='word_1_147' title='bbox 2353 1010 2714 1076; x_wconf 88' lang='lat' dir='ltr'><strong>assumptam</strong></span> <span class='ocrx_word' id='word_1_148' title='bbox 2733 1021 2966 1060; x_wconf 91' lang='lat' dir='ltr'><strong>carnem</strong></span> <span class='ocrx_word' id='word_1_149' title='bbox 3003 1023 3251 1077; x_wconf 86' lang='lat' dir='ltr'><strong>persona</strong></span> <span class='ocrx_word' id='word_1_150' title='bbox 3273 1008 3420 1078; x_wconf 88' lang='lat' dir='ltr'><strong>erat)</strong></span> <span class='ocrx_word' id='word_1_151' title='bbox 3457 1024 3469 1061; x_wconf 92' lang='lat'>:</span> <span class='ocrx_word' id='word_1_152' title='bbox 3497 1013 3599 1062; x_wconf 87' lang='lat' dir='ltr'><strong>aut</strong></span> <span class='ocrx_word' id='word_1_153' title='bbox 3623 1010 3847 1079; x_wconf 83' lang='lat' dir='ltr'><strong>absque</strong></span> 
     </span>
    </p>
   </div>
   <div class='ocr_carea' id='block_1_24' title="bbox 2191 1095 3846 1168">
    <p class='ocr_par' dir='ltr' id='par_1_24' title="bbox 2191 1095 3846 1168">
     <span class='ocr_line' id='line_1_24' title="bbox 2191 1095 3846 1168; baseline 0.001 -17"><span class='ocrx_word' id='word_1_154' title='bbox 2191 1111 2430 1166; x_wconf 90' lang='lat' dir='ltr'><strong>corpore</strong></span> <span class='ocrx_word' id='word_1_155' title='bbox 2460 1095 2527 1150; x_wconf 87' lang='lat' dir='ltr'><strong>ad</strong></span> <span class='ocrx_word' id='word_1_156' title='bbox 2563 1095 2746 1150; x_wconf 91' lang='lat' dir='ltr'><strong>Deum</strong></span> <span class='ocrx_word' id='word_1_157' title='bbox 2802 1096 3031 1150; x_wconf 88' lang='lat' dir='ltr'><strong>Patrem</strong></span> <span class='ocrx_word' id='word_1_158' title='bbox 3061 1095 3164 1150; x_wconf 89' lang='lat' dir='ltr'><strong>illa</strong></span> <span class='ocrx_word' id='word_1_159' title='bbox 3212 1097 3534 1151; x_wconf 75' lang='lat' dir='ltr'><strong>divinitatis</strong></span> <span class='ocrx_word' id='word_1_160' title='bbox 3566 1101 3846 1168; x_wconf 75' lang='lat' dir='ltr'><strong>extensio,</strong></span> 
     </span>
    </p>
   </div>
   <div class='ocr_carea' id='block_1_25' title="bbox 2192 1183 3848 1256">
    <p class='ocr_par' dir='ltr' id='par_1_25' title="bbox 2192 1183 3848 1256">
     <span class='ocr_line' id='line_1_25' title="bbox 2192 1183 3848 1256; baseline 0.002 -18"><span class='ocrx_word' id='word_1_161' title='bbox 2192 1201 2318 1256; x_wconf 83' lang='lat' dir='ltr'><strong>quae</strong></span> <span class='ocrx_word' id='word_1_162' title='bbox 2353 1184 2410 1238; x_wconf 93' lang='lat' dir='ltr'><strong>in</strong></span> <span class='ocrx_word' id='word_1_163' title='bbox 2459 1183 2688 1239; x_wconf 87' lang='lat' dir='ltr'><strong>Christo</strong></span> <span class='ocrx_word' id='word_1_164' title='bbox 2723 1189 2866 1250; x_wconf 88' lang='lat' dir='ltr'><strong>erat,</strong></span> <span class='ocrx_word' id='word_1_165' title='bbox 2898 1186 2969 1239; x_wconf 88' lang='lat' dir='ltr'><strong>ad</strong></span> <span class='ocrx_word' id='word_1_166' title='bbox 3022 1184 3331 1256; x_wconf 86' lang='lat' dir='ltr'><strong>pristinam</strong></span> <span class='ocrx_word' id='word_1_167' title='bbox 3383 1187 3848 1242; x_wconf 83' lang='lat' dir='ltr'><strong>contractionem</strong></span> 
     </span>
    </p>
   </div>
   <div class='ocr_carea' id='block_1_26' title="bbox 2193 1273 3850 1345">
    <p class='ocr_par' dir='ltr' id='par_1_26' title="bbox 2193 1273 3850 1345">
     <span class='ocr_line' id='line_1_26' title="bbox 2193 1273 3850 1345; baseline 0 -15"><span class='ocrx_word' id='word_1_168' title='bbox 2193 1275 2366 1330; x_wconf 85' lang='lat' dir='ltr'><strong>rediit</strong></span> <span class='ocrx_word' id='word_1_169' title='bbox 2414 1290 2426 1327; x_wconf 94' lang='lat'>:</span> <span class='ocrx_word' id='word_1_170' title='bbox 2464 1290 2566 1329; x_wconf 89' lang='lat' dir='ltr'><strong>nec</strong></span> <span class='ocrx_word' id='word_1_171' title='bbox 2616 1273 2874 1345; x_wconf 88' lang='lat' dir='ltr'><strong>amplius</strong></span> <span class='ocrx_word' id='word_1_172' title='bbox 2920 1275 3026 1330; x_wconf 91' lang='lat' dir='ltr'><strong>erit</strong></span> <span class='ocrx_word' id='word_1_173' title='bbox 3059 1275 3346 1339; x_wconf 81' lang='lat' dir='ltr'><strong>Christus,</strong></span> <span class='ocrx_word' id='word_1_174' title='bbox 3381 1276 3481 1330; x_wconf 91' lang='lat' dir='ltr'><strong>sed</strong></span> <span class='ocrx_word' id='word_1_175' title='bbox 3531 1277 3735 1330; x_wconf 86' lang='lat' dir='ltr'><strong>nudus</strong></span> <span class='ocrx_word' id='word_1_176' title='bbox 3794 1281 3850 1331; x_wconf 86' lang='lat' dir='ltr'><strong>et</strong></span> 
     </span>
    </p>
   </div>
   <div class='ocr_carea' id='block_1_27' title="bbox 2194 1360 3849 1435">
    <p class='ocr_par' dir='ltr' id='par_1_27' title="bbox 2194 1360 3849 1435">
     <span class='ocr_line' id='line_1_27' title="bbox 2194 1360 3849 1435; baseline 0.001 -17"><span class='ocrx_word' id='word_1_177' title='bbox 2194 1360 2443 1434; x_wconf 86' lang='lat' dir='ltr'><strong>simplex</strong></span> <span class='ocrx_word' id='word_1_178' title='bbox 2474 1362 2645 1418; x_wconf 90' lang='lat' dir='ltr'><strong>homo</strong></span> <span class='ocrx_word' id='word_1_179' title='bbox 2678 1363 3056 1432; x_wconf 84' lang='lat' dir='ltr'><strong>duntaxat,ut</strong></span> <span class='ocrx_word' id='word_1_180' title='bbox 3088 1364 3187 1435; x_wconf 91' lang='lat' dir='ltr'><strong>qui</strong></span> <span class='ocrx_word' id='word_1_181' title='bbox 3214 1365 3465 1419; x_wconf 84' lang='lat' dir='ltr'><strong>duarum</strong></span> <span class='ocrx_word' id='word_1_182' title='bbox 3501 1369 3849 1420; x_wconf 87' lang='lat' dir='ltr'><strong>naturarum</strong></span> 
     </span>
    </p>
   </div>
   <div class='ocr_carea' id='block_1_28' title="bbox 2196 1451 3852 1526">
    <p class='ocr_par' dir='ltr' id='par_1_28' title="bbox 2196 1451 3852 1526">
     <span class='ocr_line' id='line_1_28' title="bbox 2196 1451 3852 1526; baseline 0.003 -20"><span class='ocrx_word' id='word_1_183' title='bbox 2196 1451 2657 1525; x_wconf 63' lang='lat' dir='ltr'><strong>praestantiorem</strong></span> <span class='ocrx_word' id='word_1_184' title='bbox 2691 1453 3096 1510; x_wconf 81' lang='lat' dir='ltr'><strong>exuerit.Patri</strong></span> <span class='ocrx_word' id='word_1_185' title='bbox 3119 1453 3370 1525; x_wconf 89' lang='lat' dir='ltr'><strong>denique</strong></span> <span class='ocrx_word' id='word_1_186' title='bbox 3409 1454 3586 1510; x_wconf 85' lang='lat' dir='ltr'><strong>Jesus</strong></span> <span class='ocrx_word' id='word_1_187' title='bbox 3613 1455 3852 1526; x_wconf 82' lang='lat' dir='ltr'><strong>quidam</strong></span> 
     </span>
    </p>
   </div>
   <div class='ocr_carea' id='block_1_29' title="bbox 2197 1543 3846 1619">
    <p class='ocr_par' dir='ltr' id='par_1_29' title="bbox 2197 1543 3846 1619">
     <span class='ocr_line' id='line_1_29' title="bbox 2197 1543 3846 1619; baseline 0.002 -20"><span class='ocrx_word' id='word_1_188' title='bbox 2197 1543 2520 1599; x_wconf 88' lang='lat' dir='ltr'><strong>divinitatis</strong></span> <span class='ocrx_word' id='word_1_189' title='bbox 2547 1559 2750 1615; x_wconf 78' lang='lat' dir='ltr'><strong>expers</strong></span> <span class='ocrx_word' id='word_1_190' title='bbox 2775 1544 3052 1601; x_wconf 86' lang='lat' dir='ltr'><strong>assidebit</strong></span> <span class='ocrx_word' id='word_1_191' title='bbox 3075 1562 3088 1602; x_wconf 91' lang='lat'><strong>:</strong></span> <span class='ocrx_word' id='word_1_192' title='bbox 3113 1551 3213 1602; x_wconf 89' lang='lat' dir='ltr'><strong>aut</strong></span> <span class='ocrx_word' id='word_1_193' title='bbox 3235 1545 3438 1602; x_wconf 85' lang='lat' dir='ltr'><strong>saltem</strong></span> <span class='ocrx_word' id='word_1_194' title='bbox 3466 1545 3846 1619; x_wconf 89' lang='lat' dir='ltr'><strong>implumium</strong></span> 
     </span>
    </p>
   </div>
   <div class='ocr_carea' id='block_1_30' title="bbox 2197 1633 3844 1706">
    <p class='ocr_par' dir='ltr' id='par_1_30' title="bbox 2197 1633 3844 1706">
     <span class='ocr_line' id='line_1_30' title="bbox 2197 1633 3844 1706; baseline 0.002 -17"><span class='ocrx_word' id='word_1_195' title='bbox 2197 1633 2486 1706; x_wconf 89' lang='lat' dir='ltr'><strong>pullorum</strong></span> <span class='ocrx_word' id='word_1_196' title='bbox 2525 1633 2709 1690; x_wconf 90' lang='lat' dir='ltr'><strong>instar</strong></span> <span class='ocrx_word' id='word_1_197' title='bbox 2739 1634 3164 1703; x_wconf 82' lang='lat' dir='ltr'><strong>dcturbabitur,</strong></span> <span class='ocrx_word' id='word_1_198' title='bbox 3206 1635 3503 1691; x_wconf 85' lang='lat' dir='ltr'><strong>divinitate</strong></span> <span class='ocrx_word' id='word_1_199' title='bbox 3561 1637 3844 1694; x_wconf 80' lang='lat' dir='ltr'><strong>nimirum</strong></span> 
     </span>
    </p>
   </div>
   <div class='ocr_carea' id='block_1_31' title="bbox 2201 1725 3846 1798">
    <p class='ocr_par' dir='ltr' id='par_1_31' title="bbox 2201 1725 3846 1798">
     <span class='ocr_line' id='line_1_31' title="bbox 2201 1725 3846 1798; baseline 0.001 -18"><span class='ocrx_word' id='word_1_200' title='bbox 2201 1729 2482 1798; x_wconf 90' lang='lat' dir='ltr'><strong>privatus,</strong></span> <span class='ocrx_word' id='word_1_201' title='bbox 2547 1741 2662 1794; x_wconf 87' lang='lat' dir='ltr'><strong>qua</strong></span> <span class='ocrx_word' id='word_1_202' title='bbox 2693 1725 3040 1796; x_wconf 77' lang='lat' dir='ltr'><strong>gravitatem</strong></span> <span class='ocrx_word' id='word_1_203' title='bbox 3101 1725 3370 1782; x_wconf 85' lang='lat' dir='ltr'><strong>sublevet</strong></span> <span class='ocrx_word' id='word_1_204' title='bbox 3401 1742 3414 1779; x_wconf 89' lang='lat'><strong>:</strong></span> <span class='ocrx_word' id='word_1_205' title='bbox 3445 1741 3663 1797; x_wconf 88' lang='lat' dir='ltr'><strong>nosque</strong></span> <span class='ocrx_word' id='word_1_206' title='bbox 3697 1727 3846 1782; x_wconf 86' lang='lat' dir='ltr'><strong>adeo</strong></span> 
     </span>
    </p>
   </div>
   <div class='ocr_carea' id='block_1_32' title="bbox 451 1805 3848 1910">
    <p class='ocr_par' dir='ltr' id='par_1_32' title="bbox 451 1805 3848 1910">
     <span class='ocr_line' id='line_1_32' title="bbox 451 1805 3848 1910; baseline 0 -42"><span class='ocrx_word' id='word_1_207' title='bbox 451 1811 730 1886; x_wconf 89' lang='lat' dir='ltr'><strong>peculiari</strong></span> <span class='ocrx_word' id='word_1_208' title='bbox 763 1811 1012 1882; x_wconf 86' lang='lat' dir='ltr'><strong>quodam</strong></span> <span class='ocrx_word' id='word_1_209' title='bbox 1048 1809 1279 1863; x_wconf 88' lang='lat' dir='ltr'><strong>nomine</strong></span> <span class='ocrx_word' id='word_1_210' title='bbox 1306 1807 1468 1862; x_wconf 80' lang='lat' dir='ltr'><strong>Pater</strong></span> <span class='ocrx_word' id='word_1_211' title='bbox 1498 1811 1552 1861; x_wconf 91' lang='lat' dir='ltr'><strong>et</strong></span> <span class='ocrx_word' id='word_1_212' title='bbox 1587 1805 1762 1858; x_wconf 76' lang='lat' dir='ltr'><strong>Filius</strong></span> <span class='ocrx_word' id='word_1_213' title='bbox 1791 1809 2091 1873; x_wconf 79' lang='lat' dir='ltr'><strong>vocentur,</strong></span> <span class='ocrx_word' id='word_1_214' title='bbox 2126 1845 2172 1910; x_wconf 81' lang='grc' dir='ltr'><strong>Β</strong></span> <span class='ocrx_word' id='word_1_215' title='bbox 2204 1812 2427 1887; x_wconf 66' lang='lat' dir='ltr'><strong>egregie</strong></span> <span class='ocrx_word' id='word_1_216' title='bbox 2458 1813 3416 1884; x_wconf 86' lang='lat' dir='ltr'><strong>desipiemus,quohominem,non</strong></span> <span class='ocrx_word' id='word_1_217' title='bbox 3448 1820 3638 1870; x_wconf 87' lang='lat' dir='ltr'><strong>autem</strong></span> <span class='ocrx_word' id='word_1_218' title='bbox 3659 1815 3848 1871; x_wconf 88' lang='lat' dir='ltr'><strong>Deum</strong></span> 
     </span>
    </p>
   </div>
   <div class='ocr_carea' id='block_1_33' title="bbox 451 1892 2092 1973">
    <p class='ocr_par' dir='ltr' id='par_1_33' title="bbox 451 1892 2092 1973">
     <span class='ocr_line' id='line_1_33' title="bbox 451 1892 2092 1973; baseline -0.007 -17"><span class='ocrx_word' id='word_1_219' title='bbox 451 1902 592 1973; x_wconf 92' lang='lat' dir='ltr'><strong>quia</strong></span> <span class='ocrx_word' id='word_1_220' title='bbox 623 1899 900 1954; x_wconf 90' lang='lat' dir='ltr'><strong>nimirum</strong></span> <span class='ocrx_word' id='word_1_221' title='bbox 932 1899 986 1952; x_wconf 92' lang='lat' dir='ltr'><strong>id</strong></span> <span class='ocrx_word' id='word_1_222' title='bbox 1021 1897 1174 1968; x_wconf 90' lang='lat' dir='ltr'><strong>quod</strong></span> <span class='ocrx_word' id='word_1_223' title='bbox 1209 1904 1467 1967; x_wconf 88' lang='lat' dir='ltr'><strong>generat,</strong></span> <span class='ocrx_word' id='word_1_224' title='bbox 1501 1893 1657 1948; x_wconf 86' lang='lat' dir='ltr'><strong>aliud</strong></span> <span class='ocrx_word' id='word_1_225' title='bbox 1688 1909 1812 1946; x_wconf 89' lang='lat' dir='ltr'><strong>esse</strong></span> <span class='ocrx_word' id='word_1_226' title='bbox 1848 1892 2092 1961; x_wconf 89' lang='lat' dir='ltr'><strong>videtur,</strong></span> 
     </span>
    </p>
   </div>
   <div class='ocr_carea' id='block_1_34' title="bbox 451 1983 2093 2059">
    <p class='ocr_par' dir='ltr' id='par_1_34' title="bbox 451 1983 2093 2059">
     <span class='ocr_line' id='line_1_34' title="bbox 451 1983 2093 2059; baseline -0.006 -15"><span class='ocrx_word' id='word_1_227' title='bbox 451 1990 524 2044; x_wconf 89' lang='lat' dir='ltr'><strong>ab</strong></span> <span class='ocrx_word' id='word_1_228' title='bbox 557 2005 623 2044; x_wconf 90' lang='lat' dir='ltr'><strong>eo</strong></span> <span class='ocrx_word' id='word_1_229' title='bbox 666 1988 818 2059; x_wconf 91' lang='lat' dir='ltr'><strong>quod</strong></span> <span class='ocrx_word' id='word_1_230' title='bbox 855 1989 1184 2056; x_wconf 76' lang='lat' dir='ltr'><strong>generatur.</strong></span> <span class='ocrx_word' id='word_1_231' title='bbox 1217 1985 1365 2048; x_wconf 91' lang='lat' dir='ltr'><strong>Quin</strong></span> <span class='ocrx_word' id='word_1_232' title='bbox 1409 1983 1584 2037; x_wconf 89' lang='lat' dir='ltr'><strong>etiam</strong></span> <span class='ocrx_word' id='word_1_233' title='bbox 1630 1983 1834 2036; x_wconf 88' lang='lat' dir='ltr'><strong>beatus</strong></span> <span class='ocrx_word' id='word_1_234' title='bbox 1867 1994 2093 2051; x_wconf 88' lang='lat' dir='ltr'><strong>quoque</strong></span> 
     </span>
    </p>
   </div>
   <div class='ocr_carea' id='block_1_35' title="bbox 453 2068 2092 2139">
    <p class='ocr_par' dir='ltr' id='par_1_35' title="bbox 453 2068 2092 2139">
     <span class='ocr_line' id='line_1_35' title="bbox 453 2068 2092 2139; baseline -0.005 -7"><span class='ocrx_word' id='word_1_235' title='bbox 453 2075 671 2132; x_wconf 86' lang='lat' dir='ltr'><strong>Paulus</strong></span> <span class='ocrx_word' id='word_1_236' title='bbox 704 2076 775 2130; x_wconf 89' lang='lat' dir='ltr'><strong>ad</strong></span> <span class='ocrx_word' id='word_1_237' title='bbox 818 2074 1088 2130; x_wconf 78' lang='lat' dir='ltr'><strong>Hebrzeos</strong></span> <span class='ocrx_word' id='word_1_238' title='bbox 1118 2073 1380 2128; x_wconf 90' lang='lat' dir='ltr'><strong>scribens</strong></span> <span class='ocrx_word' id='word_1_239' title='bbox 1429 2071 1509 2126; x_wconf 90' lang='lat' dir='ltr'><strong>ita</strong></span> <span class='ocrx_word' id='word_1_240' title='bbox 1553 2070 1623 2125; x_wconf 93' lang='lat' dir='ltr'><strong>de</strong></span> <span class='ocrx_word' id='word_1_241' title='bbox 1667 2069 1812 2124; x_wconf 85' lang='lat' dir='ltr'><strong>Filio</strong></span> <span class='ocrx_word' id='word_1_242' title='bbox 1855 2068 2092 2139; x_wconf 87' lang='lat' dir='ltr'><strong>inquit:</strong></span> 
     </span>
    </p>
   </div>
   <div class='ocr_carea' id='block_1_36' title="bbox 459 2158 2098 2236">
    <p class='ocr_par' dir='ltr' id='par_1_36' title="bbox 459 2158 2098 2236">
     <span class='ocr_line' id='line_1_36' title="bbox 459 2158 2098 2236; baseline -0.006 -14"><span class='ocrx_word' id='word_1_243' title='bbox 459 2167 566 2236; x_wconf 84' lang='lat' dir='ltr'><strong>Qui</strong></span> <span class='ocrx_word' id='word_1_244' title='bbox 594 2182 719 2221; x_wconf 84' lang='lat' dir='ltr'><strong>cum</strong></span> <span class='ocrx_word' id='word_1_245' title='bbox 752 2167 811 2220; x_wconf 86' lang='lat' dir='ltr'><strong>in</strong></span> <span class='ocrx_word' id='word_1_246' title='bbox 839 2169 1023 2234; x_wconf 72' lang='lat' dir='ltr'><strong>forma</strong></span> <span class='ocrx_word' id='word_1_247' title='bbox 1056 2163 1152 2218; x_wconf 83' lang='lat' dir='ltr'><strong>Dei</strong></span> <span class='ocrx_word' id='word_1_248' title='bbox 1182 2170 1340 2228; x_wconf 84' lang='lat' dir='ltr'><strong>esset,</strong></span> <span class='ocrx_word' id='word_1_249' title='bbox 1386 2178 1499 2215; x_wconf 83' lang='lat' dir='ltr'><strong>non</strong></span> <span class='ocrx_word' id='word_1_250' title='bbox 1549 2161 1808 2230; x_wconf 82' lang='lat' dir='ltr'><strong>rapinam</strong></span> <span class='ocrx_word' id='word_1_251' title='bbox 1850 2158 2098 2214; x_wconf 79' lang='lat' dir='ltr'><strong>arbitra-</strong></span> 
     </span>
    </p>
   </div>
   <div class='ocr_carea' id='block_1_37' title="bbox 457 2249 2096 2324">
    <p class='ocr_par' dir='ltr' id='par_1_37' title="bbox 457 2249 2096 2324">
     <span class='ocr_line' id='line_1_37' title="bbox 457 2249 2096 2324; baseline -0.005 -12"><span class='ocrx_word' id='word_1_252' title='bbox 457 2263 546 2312; x_wconf 84' lang='lat' dir='ltr'><strong>tus</strong></span> <span class='ocrx_word' id='word_1_253' title='bbox 575 2265 654 2310; x_wconf 86' lang='lat' dir='ltr'><strong>est</strong></span> <span class='ocrx_word' id='word_1_254' title='bbox 686 2270 743 2310; x_wconf 90' lang='lat' dir='ltr'><strong>se</strong></span> <span class='ocrx_word' id='word_1_255' title='bbox 771 2269 885 2309; x_wconf 83' lang='lat' dir='ltr'><strong>esse</strong></span> <span class='ocrx_word' id='word_1_256' title='bbox 913 2253 1188 2324; x_wconf 80' lang='lat' dir='ltr'><strong>aequalem</strong></span> <span class='ocrx_word' id='word_1_257' title='bbox 1220 2250 1442 2322; x_wconf 82' lang='lat' dir='ltr'><strong>Deo,sed</strong></span> <span class='ocrx_word' id='word_1_258' title='bbox 1483 2253 1723 2322; x_wconf 83' lang='lat' dir='ltr'><strong>seipsum</strong></span> <span class='ocrx_word' id='word_1_259' title='bbox 1762 2249 2096 2304; x_wconf 69' lang='lat' dir='ltr'><strong>exinanivit.</strong></span> 
     </span>
    </p>
   </div>
   <div class='ocr_carea' id='block_1_38' title="bbox 454 2340 1250 2419">
    <p class='ocr_par' dir='ltr' id='par_1_38' title="bbox 454 2340 1250 2419">
     <span class='ocr_line' id='line_1_38' title="bbox 454 2340 1250 2419; baseline -0.008 -18"><span class='ocrx_word' id='word_1_260' title='bbox 454 2353 691 2419; x_wconf 76' lang='lat' dir='ltr'><strong>formam</strong></span> <span class='ocrx_word' id='word_1_261' title='bbox 717 2346 862 2398; x_wconf 69' lang='lat' dir='ltr'><strong>serui</strong></span> <span class='ocrx_word' id='word_1_262' title='bbox 877 2341 1153 2412; x_wconf 80' lang='lat' dir='ltr'><strong>accipiens</strong></span> <span class='ocrx_word' id='word_1_263' title='bbox 1184 2340 1250 2396; x_wconf 71' lang='lat'><strong>‘3.</strong></span> 
     </span>
    </p>
   </div>
   <div class='ocr_carea' id='block_1_39' title="bbox 531 2427 2094 2497">
    <p class='ocr_par' dir='ltr' id='par_1_39' title="bbox 531 2427 2094 2497">
     <span class='ocr_line' id='line_1_39' title="bbox 531 2427 2094 2497; baseline -0.006 -8"><span class='ocrx_word' id='word_1_264' title='bbox 531 2433 778 2489; x_wconf 89' lang='lat' dir='ltr'><strong>Proinde</strong></span> <span class='ocrx_word' id='word_1_265' title='bbox 809 2445 1048 2488; x_wconf 89' lang='lat' dir='ltr'><strong>necesse</strong></span> <span class='ocrx_word' id='word_1_266' title='bbox 1078 2435 1188 2497; x_wconf 89' lang='lat' dir='ltr'><strong>est,</strong></span> <span class='ocrx_word' id='word_1_267' title='bbox 1234 2433 1298 2484; x_wconf 92' lang='lat' dir='ltr'><strong>ut</strong></span> <span class='ocrx_word' id='word_1_268' title='bbox 1327 2429 1378 2483; x_wconf 90' lang='lat' dir='ltr'><strong>is</strong></span> <span class='ocrx_word' id='word_1_269' title='bbox 1404 2428 1554 2483; x_wconf 83' lang='lat' dir='ltr'><strong>alius</strong></span> <span class='ocrx_word' id='word_1_270' title='bbox 1616 2427 1798 2482; x_wconf 82' lang='lat' dir='ltr'><strong>fuisse</strong></span> <span class='ocrx_word' id='word_1_271' title='bbox 1847 2427 2094 2494; x_wconf 88' lang='lat' dir='ltr'><strong>dicatur,</strong></span> 
     </span>
    </p>
   </div>
   <div class='ocr_carea' id='block_1_40' title="bbox 459 2515 2099 2594">
    <p class='ocr_par' dir='ltr' id='par_1_40' title="bbox 459 2515 2099 2594">
     <span class='ocr_line' id='line_1_40' title="bbox 459 2515 2099 2594; baseline -0.004 -18"><span class='ocrx_word' id='word_1_272' title='bbox 459 2522 557 2594; x_wconf 92' lang='lat' dir='ltr'><strong>qui</strong></span> <span class='ocrx_word' id='word_1_273' title='bbox 582 2522 640 2576; x_wconf 93' lang='lat' dir='ltr'><strong>in</strong></span> <span class='ocrx_word' id='word_1_274' title='bbox 666 2520 961 2576; x_wconf 85' lang='lat' dir='ltr'><strong>formaDei</strong></span> <span class='ocrx_word' id='word_1_275' title='bbox 995 2523 1167 2588; x_wconf 89' lang='lat' dir='ltr'><strong>esset,</strong></span> <span class='ocrx_word' id='word_1_276' title='bbox 1201 2518 1353 2573; x_wconf 86' lang='lat' dir='ltr'><strong>alius</strong></span> <span class='ocrx_word' id='word_1_277' title='bbox 1384 2522 1607 2586; x_wconf 89' lang='lat' dir='ltr'><strong>contra,</strong></span> <span class='ocrx_word' id='word_1_278' title='bbox 1641 2515 1691 2570; x_wconf 92' lang='lat' dir='ltr'><strong>is</strong></span> <span class='ocrx_word' id='word_1_279' title='bbox 1724 2517 1893 2586; x_wconf 86' lang='lat' dir='ltr'><strong>cujus</strong></span> <span class='ocrx_word' id='word_1_280' title='bbox 1918 2517 2099 2571; x_wconf 86' lang='lat' dir='ltr'><strong>forma</strong></span> 
     </span>
    </p>
   </div>
   <div class='ocr_carea' id='block_1_41' title="bbox 457 2607 2098 2680">
    <p class='ocr_par' dir='ltr' id='par_1_41' title="bbox 457 2607 2098 2680">
     <span class='ocr_line' id='line_1_41' title="bbox 457 2607 2098 2680; baseline -0.005 -11"><span class='ocrx_word' id='word_1_281' title='bbox 457 2629 522 2670; x_wconf 86' lang='lat' dir='ltr'><strong>ea</strong></span> <span class='ocrx_word' id='word_1_282' title='bbox 548 2619 664 2666; x_wconf 87' lang='lat' dir='ltr'><strong>erat</strong></span> <span class='ocrx_word' id='word_1_283' title='bbox 699 2628 711 2665; x_wconf 92' lang='lat'>:</span> <span class='ocrx_word' id='word_1_284' title='bbox 754 2626 855 2666; x_wconf 90' lang='lat' dir='ltr'><strong>nec</strong></span> <span class='ocrx_word' id='word_1_285' title='bbox 882 2626 1060 2663; x_wconf 91' lang='lat' dir='ltr'><strong>unum</strong></span> <span class='ocrx_word' id='word_1_286' title='bbox 1098 2608 1399 2680; x_wconf 90' lang='lat' dir='ltr'><strong>quippiam</strong></span> <span class='ocrx_word' id='word_1_287' title='bbox 1424 2607 1695 2676; x_wconf 89' lang='lat' dir='ltr'><strong>idemque</strong></span> <span class='ocrx_word' id='word_1_288' title='bbox 1728 2621 1970 2660; x_wconf 84' lang='lat' dir='ltr'><strong>numero</strong></span> <span class='ocrx_word' id='word_1_289' title='bbox 1994 2610 2098 2660; x_wconf 84' lang='lat' dir='ltr'><strong>Pa-</strong></span> 
     </span>
    </p>
   </div>
   <div class='ocr_carea' id='block_1_42' title="bbox 459 2695 2100 2770">
    <p class='ocr_par' dir='ltr' id='par_1_42' title="bbox 459 2695 2100 2770">
     <span class='ocr_line' id='line_1_42' title="bbox 459 2695 2100 2770; baseline -0.005 -14"><span class='ocrx_word' id='word_1_290' title='bbox 459 2706 560 2757; x_wconf 87' lang='lat' dir='ltr'><strong>ter</strong></span> <span class='ocrx_word' id='word_1_291' title='bbox 609 2706 666 2756; x_wconf 88' lang='lat' dir='ltr'><strong>et</strong></span> <span class='ocrx_word' id='word_1_292' title='bbox 724 2699 928 2770; x_wconf 84' lang='lat' dir='ltr'><strong>Filius,</strong></span> <span class='ocrx_word' id='word_1_293' title='bbox 981 2700 1079 2754; x_wconf 90' lang='lat' dir='ltr'><strong>sed</strong></span> <span class='ocrx_word' id='word_1_294' title='bbox 1133 2698 1366 2769; x_wconf 89' lang='lat' dir='ltr'><strong>propria</strong></span> <span class='ocrx_word' id='word_1_295' title='bbox 1412 2695 1802 2766; x_wconf 88' lang='lat' dir='ltr'><strong>peeuliariquc</strong></span> <span class='ocrx_word' id='word_1_296' title='bbox 1853 2712 2100 2766; x_wconf 88' lang='lat' dir='ltr'><strong>persona</strong></span> 
     </span>
    </p>
   </div>
   <div class='ocr_carea' id='block_1_43' title="bbox 461 2784 2098 2862">
    <p class='ocr_par' dir='ltr' id='par_1_43' title="bbox 461 2784 2098 2862">
     <span class='ocr_line' id='line_1_43' title="bbox 461 2784 2098 2862; baseline -0.004 -17"><span class='ocrx_word' id='word_1_297' title='bbox 461 2790 686 2862; x_wconf 65' lang='lat' dir='ltr'><strong>praediti</strong></span> <span class='ocrx_word' id='word_1_298' title='bbox 709 2806 836 2845; x_wconf 90' lang='lat' dir='ltr'><strong>esse</strong></span> <span class='ocrx_word' id='word_1_299' title='bbox 869 2789 1154 2851; x_wconf 86' lang='lat' dir='ltr'><strong>dicantur,</strong></span> <span class='ocrx_word' id='word_1_300' title='bbox 1187 2787 1286 2857; x_wconf 90' lang='lat' dir='ltr'><strong>qui</strong></span> <span class='ocrx_word' id='word_1_301' title='bbox 1318 2787 1469 2840; x_wconf 89' lang='lat' dir='ltr'><strong>inter</strong></span> <span class='ocrx_word' id='word_1_302' title='bbox 1497 2801 1558 2840; x_wconf 91' lang='lat' dir='ltr'><strong>se</strong></span> <span class='ocrx_word' id='word_1_303' title='bbox 1602 2784 1859 2839; x_wconf 82' lang='lat' dir='ltr'><strong>vicissim</strong></span> <span class='ocrx_word' id='word_1_304' title='bbox 1896 2784 2098 2839; x_wconf 86' lang='lat' dir='ltr'><strong>eadem</strong></span> 
     </span>
    </p>
   </div>
   <div class='ocr_carea' id='block_1_44' title="bbox 457 2875 1492 2936">
    <p class='ocr_par' dir='ltr' id='par_1_44' title="bbox 457 2875 1492 2936">
     <span class='ocr_line' id='line_1_44' title="bbox 457 2875 1492 2936; baseline -0.006 0"><span class='ocrx_word' id='word_1_305' title='bbox 457 2882 516 2936; x_wconf 87' lang='lat' dir='ltr'><strong>in</strong></span> <span class='ocrx_word' id='word_1_306' title='bbox 549 2879 876 2936; x_wconf 86' lang='lat' dir='ltr'><strong>substantia</strong></span> <span class='ocrx_word' id='word_1_307' title='bbox 913 2875 1319 2932; x_wconf 86' lang='lat' dir='ltr'><strong>considerandi</strong></span> <span class='ocrx_word' id='word_1_308' title='bbox 1355 2876 1492 2930; x_wconf 88' lang='lat' dir='ltr'><strong>sint.</strong></span> 
     </span>
    </p>
   </div>
   <div class='ocr_carea' id='block_1_45' title="bbox 527 2961 2101 3032">
    <p class='ocr_par' dir='ltr' id='par_1_45' title="bbox 527 2961 2101 3032">
     <span class='ocr_line' id='line_1_45' title="bbox 527 2961 2101 3032; baseline -0.004 -12"><span class='ocrx_word' id='word_1_309' title='bbox 527 2967 656 3022; x_wconf 87' lang='lat' dir='ltr'><strong>Alio</strong></span> <span class='ocrx_word' id='word_1_310' title='bbox 680 2968 802 3022; x_wconf 92' lang='lat' dir='ltr'><strong>loco</strong></span> <span class='ocrx_word' id='word_1_311' title='bbox 825 2965 1003 3020; x_wconf 79' lang='lat' dir='ltr'><strong>Filius</strong></span> <span class='ocrx_word' id='word_1_312' title='bbox 1027 2981 1093 3018; x_wconf 86' lang='lat' dir='ltr'><strong>ex</strong></span> <span class='ocrx_word' id='word_1_313' title='bbox 1120 2963 1446 3018; x_wconf 89' lang='lat' dir='ltr'><strong>substantia</strong></span> <span class='ocrx_word' id='word_1_314' title='bbox 1483 2966 1722 3032; x_wconf 87' lang='lat' dir='ltr'><strong>paterna</strong></span> <span class='ocrx_word' id='word_1_315' title='bbox 1736 2979 1796 3015; x_wconf 89' lang='lat' dir='ltr'><strong>se</strong></span> <span class='ocrx_word' id='word_1_316' title='bbox 1818 2961 2101 3031; x_wconf 88' lang='lat' dir='ltr'><strong>prodiisse</strong></span> 
     </span>
    </p>
   </div>
   <div class='ocr_carea' id='block_1_46' title="bbox 457 3050 2100 3124">
    <p class='ocr_par' dir='ltr' id='par_1_46' title="bbox 457 3050 2100 3124">
     <span class='ocr_line' id='line_1_46' title="bbox 457 3050 2100 3124; baseline -0.003 -13"><span class='ocrx_word' id='word_1_317' title='bbox 457 3057 791 3121; x_wconf 89' lang='lat' dir='ltr'><strong>ostendens,</strong></span> <span class='ocrx_word' id='word_1_318' title='bbox 837 3057 968 3121; x_wconf 67' lang='lat' dir='ltr'><strong>ligo,</strong></span> <span class='ocrx_word' id='word_1_319' title='bbox 1016 3053 1228 3124; x_wconf 89' lang='lat' dir='ltr'><strong>inquit,</strong></span> <span class='ocrx_word' id='word_1_320' title='bbox 1275 3069 1310 3107; x_wconf 89' lang='lat' dir='ltr'><strong>a</strong></span> <span class='ocrx_word' id='word_1_321' title='bbox 1350 3053 1512 3107; x_wconf 83' lang='lat' dir='ltr'><strong>Patre</strong></span> <span class='ocrx_word' id='word_1_322' title='bbox 1532 3053 1682 3106; x_wconf 67' lang='lat' dir='ltr'><strong>exivi</strong></span> <span class='ocrx_word' id='word_1_323' title='bbox 1727 3050 1793 3104; x_wconf 65' lang='lat'><strong>4‘.</strong></span> <span class='ocrx_word' id='word_1_324' title='bbox 1827 3050 1932 3114; x_wconf 89' lang='lat' dir='ltr'><strong>Qui</strong></span> <span class='ocrx_word' id='word_1_325' title='bbox 1966 3066 2100 3120; x_wconf 86' lang='lat' dir='ltr'><strong>ergo</strong></span> 
     </span>
    </p>
   </div>
   <div class='ocr_carea' id='block_1_47' title="bbox 459 3139 2098 3214">
    <p class='ocr_par' dir='ltr' id='par_1_47' title="bbox 459 3139 2098 3214">
     <span class='ocr_line' id='line_1_47' title="bbox 459 3139 2098 3214; baseline -0.003 -16"><span class='ocrx_word' id='word_1_326' title='bbox 459 3144 579 3198; x_wconf 77' lang='lat' dir='ltr'><strong>fieri</strong></span> <span class='ocrx_word' id='word_1_327' title='bbox 639 3145 868 3214; x_wconf 86' lang='lat' dir='ltr'><strong>poterit,</strong></span> <span class='ocrx_word' id='word_1_328' title='bbox 902 3159 1016 3212; x_wconf 89' lang='lat' dir='ltr'><strong>quo</strong></span> <span class='ocrx_word' id='word_1_329' title='bbox 1068 3144 1263 3198; x_wconf 91' lang='lat' dir='ltr'><strong>minus</strong></span> <span class='ocrx_word' id='word_1_330' title='bbox 1321 3141 1471 3196; x_wconf 91' lang='lat' dir='ltr'><strong>alius</strong></span> <span class='ocrx_word' id='word_1_331' title='bbox 1503 3140 1575 3196; x_wconf 91' lang='lat' dir='ltr'><strong>sit</strong></span> <span class='ocrx_word' id='word_1_332' title='bbox 1634 3158 1667 3194; x_wconf 93' lang='lat' dir='ltr'><strong>a</strong></span> <span class='ocrx_word' id='word_1_333' title='bbox 1698 3141 1864 3194; x_wconf 85' lang='lat' dir='ltr'><strong>Patre</strong></span> <span class='ocrx_word' id='word_1_334' title='bbox 1899 3139 2098 3205; x_wconf 85' lang='lat' dir='ltr'><strong>Filius,</strong></span> 
     </span>
    </p>
   </div>
   <div class='ocr_carea' id='block_1_48' title="bbox 459 3214 2179 3305">
    <p class='ocr_par' dir='ltr' id='par_1_48' title="bbox 459 3214 2179 3305">
     <span class='ocr_line' id='line_1_48' title="bbox 459 3214 2179 3305; baseline -0.003 -18"><span class='ocrx_word' id='word_1_335' title='bbox 459 3233 509 3287; x_wconf 82' lang='lat' dir='ltr'><strong>si</strong></span> <span class='ocrx_word' id='word_1_336' title='bbox 537 3249 796 3305; x_wconf 68' lang='lat' dir='ltr'><strong>persona:</strong></span> <span class='ocrx_word' id='word_1_337' title='bbox 830 3231 1178 3302; x_wconf 89' lang='lat' dir='ltr'><strong>numerique</strong></span> <span class='ocrx_word' id='word_1_338' title='bbox 1211 3231 1358 3285; x_wconf 89' lang='lat' dir='ltr'><strong>ratio</strong></span> <span class='ocrx_word' id='word_1_339' title='bbox 1394 3229 1675 3285; x_wconf 86' lang='lat' dir='ltr'><strong>habeatur</strong></span> <span class='ocrx_word' id='word_1_340' title='bbox 1703 3228 1729 3282; x_wconf 84' lang='lat'><strong>‘?</strong></span> <span class='ocrx_word' id='word_1_341' title='bbox 1751 3229 1894 3284; x_wconf 79' lang='lat' dir='ltr'><strong>Nam</strong></span> <span class='ocrx_word' id='word_1_342' title='bbox 1929 3228 2094 3298; x_wconf 90' lang='lat' dir='ltr'><strong>quid-</strong></span> <span class='ocrx_word' id='word_1_343' title='bbox 2137 3214 2179 3282; x_wconf 82' lang='lat' dir='ltr'><strong>C</strong></span> 
     </span>
    </p>
   </div>
   <div class='ocr_carea' id='block_1_49' title="bbox 460 3318 2100 3391">
    <p class='ocr_par' dir='ltr' id='par_1_49' title="bbox 460 3318 2100 3391">
     <span class='ocr_line' id='line_1_49' title="bbox 460 3318 2100 3391; baseline -0.002 -16"><span class='ocrx_word' id='word_1_344' title='bbox 460 3323 595 3390; x_wconf 86' lang='lat' dir='ltr'><strong>quid</strong></span> <span class='ocrx_word' id='word_1_345' title='bbox 631 3323 699 3375; x_wconf 84' lang='lat' dir='ltr'><strong>ab</strong></span> <span class='ocrx_word' id='word_1_346' title='bbox 733 3322 929 3391; x_wconf 86' lang='lat' dir='ltr'><strong>aliquo</strong></span> <span class='ocrx_word' id='word_1_347' title='bbox 983 3321 1286 3391; x_wconf 82' lang='lat' dir='ltr'><strong>processit,</strong></span> <span class='ocrx_word' id='word_1_348' title='bbox 1326 3319 1398 3372; x_wconf 87' lang='lat' dir='ltr'><strong>ab</strong></span> <span class='ocrx_word' id='word_1_349' title='bbox 1432 3335 1495 3374; x_wconf 85' lang='lat' dir='ltr'><strong>eo</strong></span> <span class='ocrx_word' id='word_1_350' title='bbox 1547 3334 1745 3373; x_wconf 84' lang='lat' dir='ltr'><strong>revera</strong></span> <span class='ocrx_word' id='word_1_351' title='bbox 1803 3318 2100 3372; x_wconf 88' lang='lat' dir='ltr'><strong>diversum</strong></span> 
     </span>
    </p>
   </div>
   <div class='ocr_carea' id='block_1_50' title="bbox 462 3409 1114 3479">
    <p class='ocr_par' dir='ltr' id='par_1_50' title="bbox 462 3409 1114 3479">
     <span class='ocr_line' id='line_1_50' title="bbox 462 3409 1114 3479; baseline 0 -16"><span class='ocrx_word' id='word_1_352' title='bbox 462 3415 571 3479; x_wconf 87' lang='lat' dir='ltr'><strong>est,</strong></span> <span class='ocrx_word' id='word_1_353' title='bbox 606 3427 637 3462; x_wconf 91' lang='lat' dir='ltr'><strong>a</strong></span> <span class='ocrx_word' id='word_1_354' title='bbox 664 3426 777 3479; x_wconf 91' lang='lat' dir='ltr'><strong>quo</strong></span> <span class='ocrx_word' id='word_1_355' title='bbox 813 3409 1114 3479; x_wconf 85' lang='lat' dir='ltr'><strong>processit.</strong></span> 
     </span>
    </p>
   </div>
   <div class='ocr_carea' id='block_1_51' title="bbox 1092 3511 1478 3568">
    <p class='ocr_par' dir='ltr' id='par_1_51' title="bbox 1092 3511 1478 3568">
     <span class='ocr_line' id='line_1_51' title="bbox 1092 3511 1478 3568; baseline -0.005 -2"><span class='ocrx_word' id='word_1_356' title='bbox 1092 3512 1245 3568; x_wconf 83' lang='lat' dir='ltr'><strong>CAP.</strong></span> <span class='ocrx_word' id='word_1_357' title='bbox 1277 3511 1478 3567; x_wconf 81' lang='lat' dir='ltr'><strong>XXIX.</strong></span> 
     </span>
    </p>
   </div>
   <div class='ocr_carea' id='block_1_52' title="bbox 468 3616 1612 3747">
    <p class='ocr_par' dir='ltr' id='par_1_52' title="bbox 468 3616 1612 3747">
     <span class='ocr_line' id='line_1_52' title="bbox 468 3616 1612 3747; baseline -0.004 -69"><span class='ocrx_word' id='word_1_358' title='bbox 468 3622 740 3681; x_wconf 86' lang='lat' dir='ltr'><strong>Vicesima</strong></span> <span class='ocrx_word' id='word_1_359' title='bbox 805 3638 950 3678; x_wconf 80' lang='lat' dir='ltr'><strong>nona</strong></span> <span class='ocrx_word' id='word_1_360' title='bbox 1002 3622 1246 3747; x_wconf 64' lang='grc' dir='ltr'><strong>Ιιεεηεδὶει</strong></span> <span class='ocrx_word' id='word_1_361' title='bbox 1300 3616 1548 3674; x_wconf 79' lang='lat' dir='ltr'><strong>illarcelli</strong></span> <span class='ocrx_word' id='word_1_362' title='bbox 1599 3633 1612 3673; x_wconf 89' lang='lat'><strong>:</strong></span> 
     </span>
     <span class='ocr_line' id='line_1_53' title="bbox 1250 3707 1339 3746; baseline 0 0"><span class='ocrx_word' id='word_1_363' title='bbox 1250 3707 1339 3746; x_wconf 85' lang='lat' dir='ltr'><strong>ur.</strong></span> 
     </span>
    </p>
   </div>
   <div class='ocr_carea' id='block_1_53' title="bbox 1250 3707 1339 3746">
    <p class='ocr_par' dir='ltr' id='par_1_53' title="bbox 1250 3707 1339 3746">
     <span class='ocr_line' id='line_1_54' title="bbox 1250 3707 1339 3746; baseline 0 0"><span class='ocrx_word' id='word_1_364' title='bbox 1250 3707 1339 3746; x_wconf 85' lang='lat' dir='ltr'><strong>ur.</strong></span> 
     </span>
    </p>
   </div>
   <div class='ocr_carea' id='block_1_54' title="bbox 1691 3617 2100 3689">
    <p class='ocr_par' dir='ltr' id='par_1_54' title="bbox 1691 3617 2100 3689">
     <span class='ocr_line' id='line_1_55' title="bbox 1691 3617 2100 3689; baseline 0.007 -18"><span class='ocrx_word' id='word_1_365' title='bbox 1691 3617 1752 3674; x_wconf 71' lang='lat' dir='ltr'><strong>hi</strong></span> <span class='ocrx_word' id='word_1_366' title='bbox 1809 3618 2100 3689; x_wconf 69' lang='lat' dir='ltr'><strong>baptizan-</strong></span> 
     </span>
    </p>
   </div>
   <div class='ocr_carea' id='block_1_55' title="bbox 522 3814 2098 3886">
    <p class='ocr_par' dir='ltr' id='par_1_55' title="bbox 522 3814 2098 3886">
     <span class='ocr_line' id='line_1_56' title="bbox 522 3814 2098 3886; baseline -0.003 -8"><span class='ocrx_word' id='word_1_367' title='bbox 522 3821 726 3878; x_wconf 86' lang='lat' dir='ltr'><strong>Galata</strong></span> <span class='ocrx_word' id='word_1_368' title='bbox 781 3818 1085 3875; x_wconf 88' lang='lat' dir='ltr'><strong>Marcellus</strong></span> <span class='ocrx_word' id='word_1_369' title='bbox 1140 3817 1340 3873; x_wconf 90' lang='lat' dir='ltr'><strong>eodem</strong></span> <span class='ocrx_word' id='word_1_370' title='bbox 1395 3816 1588 3886; x_wconf 91' lang='lat' dir='ltr'><strong>modo,</strong></span> <span class='ocrx_word' id='word_1_371' title='bbox 1649 3831 1764 3886; x_wconf 92' lang='lat' dir='ltr'><strong>quo</strong></span> <span class='ocrx_word' id='word_1_372' title='bbox 1790 3814 2098 3884; x_wconf 85' lang='lat' dir='ltr'><strong>Sabellius,</strong></span> 
     </span>
    </p>
   </div>
   <div class='ocr_carea' id='block_1_56' title="bbox 448 3905 2100 3980">
    <p class='ocr_par' dir='ltr' id='par_1_56' title="bbox 448 3905 2100 3980">
     <span class='ocr_line' id='line_1_57' title="bbox 448 3905 2100 3980; baseline -0.002 -15"><span class='ocrx_word' id='word_1_373' title='bbox 448 3911 794 3966; x_wconf 87' lang='lat' dir='ltr'><strong>Trinitatem</strong></span> <span class='ocrx_word' id='word_1_374' title='bbox 815 3910 1044 3980; x_wconf 82' lang='lat' dir='ltr'><strong>negavit</strong></span> <span class='ocrx_word' id='word_1_375' title='bbox 1061 3925 1074 3962; x_wconf 87' lang='lat'><strong>:</strong></span> <span class='ocrx_word' id='word_1_376' title='bbox 1091 3909 1185 3963; x_wconf 87' lang='lat' dir='ltr'><strong>sed</strong></span> <span class='ocrx_word' id='word_1_377' title='bbox 1221 3907 1534 3978; x_wconf 88' lang='lat' dir='ltr'><strong>quamdam</strong></span> <span class='ocrx_word' id='word_1_378' title='bbox 1553 3908 1806 3978; x_wconf 77' lang='lat' dir='ltr'><strong>paterna:</strong></span> <span class='ocrx_word' id='word_1_379' title='bbox 1833 3905 2100 3961; x_wconf 90' lang='lat' dir='ltr'><strong>divinita-</strong></span> 
     </span>
    </p>
   </div>
   <div class='ocr_carea' id='block_1_57' title="bbox 446 3994 2098 4068">
    <p class='ocr_par' dir='ltr' id='par_1_57' title="bbox 446 3994 2098 4068">
     <span class='ocr_line' id='line_1_58' title="bbox 446 3994 2098 4068; baseline -0.003 -13"><span class='ocrx_word' id='word_1_380' title='bbox 446 4001 519 4056; x_wconf 86' lang='lat' dir='ltr'><strong>tis</strong></span> <span class='ocrx_word' id='word_1_381' title='bbox 552 3996 788 4068; x_wconf 78' lang='grc' dir='ltr'><strong>ἔκτασιν,</strong></span> <span class='ocrx_word' id='word_1_382' title='bbox 823 3999 931 4053; x_wconf 91' lang='lat' dir='ltr'><strong>boc</strong></span> <span class='ocrx_word' id='word_1_383' title='bbox 964 4006 1048 4054; x_wconf 88' lang='lat' dir='ltr'><strong>est</strong></span> <span class='ocrx_word' id='word_1_384' title='bbox 1073 3997 1464 4052; x_wconf 86' lang='lat' dir='ltr'><strong>extensionem</strong></span> <span class='ocrx_word' id='word_1_385' title='bbox 1511 3994 1567 4049; x_wconf 89' lang='lat' dir='ltr'><strong>in</strong></span> <span class='ocrx_word' id='word_1_386' title='bbox 1603 3994 1812 4050; x_wconf 85' lang='lat' dir='ltr'><strong>Filium</strong></span> <span class='ocrx_word' id='word_1_387' title='bbox 1848 3995 2098 4050; x_wconf 87' lang='lat' dir='ltr'><strong>subiisse</strong></span> 
     </span>
    </p>
   </div>
   <div class='ocr_carea' id='block_1_58' title="bbox 447 4085 2095 4161">
    <p class='ocr_par' dir='ltr' id='par_1_58' title="bbox 447 4085 2095 4161">
     <span class='ocr_line' id='line_1_59' title="bbox 447 4085 2095 4161; baseline -0.002 -16"><span class='ocrx_word' id='word_1_388' title='bbox 447 4091 694 4155; x_wconf 87' lang='lat' dir='ltr'><strong>dicebat,</strong></span> <span class='ocrx_word' id='word_1_389' title='bbox 755 4105 930 4161; x_wconf 85' lang='lat' dir='ltr'><strong>quam</strong></span> <span class='ocrx_word' id='word_1_390' title='bbox 983 4088 1166 4144; x_wconf 89' lang='lat' dir='ltr'><strong>Deum</strong></span> <span class='ocrx_word' id='word_1_391' title='bbox 1227 4087 1482 4141; x_wconf 82' lang='lat' dir='ltr'><strong>Verbum</strong></span> <span class='ocrx_word' id='word_1_392' title='bbox 1549 4085 1888 4142; x_wconf 90' lang='lat' dir='ltr'><strong>nominabat</strong></span> <span class='ocrx_word' id='word_1_393' title='bbox 1923 4103 1934 4140; x_wconf 94' lang='lat'><strong>:</strong></span> <span class='ocrx_word' id='word_1_394' title='bbox 1968 4104 2095 4158; x_wconf 67' lang='lat' dir='ltr'><strong>qua:</strong></span> 
     </span>
    </p>
   </div>
   <div class='ocr_carea' id='block_1_59' title="bbox 445 4173 2094 4250">
    <p class='ocr_par' dir='ltr' id='par_1_59' title="bbox 445 4173 2094 4250">
     <span class='ocr_line' id='line_1_60' title="bbox 445 4173 2094 4250; baseline -0.002 -17"><span class='ocrx_word' id='word_1_395' title='bbox 445 4179 680 4248; x_wconf 90' lang='lat' dir='ltr'><strong>quidem</strong></span> <span class='ocrx_word' id='word_1_396' title='bbox 740 4182 866 4250; x_wconf 89' lang='lat' dir='ltr'><strong>post</strong></span> <span class='ocrx_word' id='word_1_397' title='bbox 901 4175 1179 4231; x_wconf 61' lang='lat' dir='ltr'><strong>universae</strong></span> <span class='ocrx_word' id='word_1_398' title='bbox 1231 4173 1694 4246; x_wconf 89' lang='lat' dir='ltr'><strong>dispensationis</strong></span> <span class='ocrx_word' id='word_1_399' title='bbox 1726 4191 2094 4230; x_wconf 83' lang='lat' dir='ltr'><strong>consumma-</strong></span> 
     </span>
    </p>
   </div>
   <div class='ocr_carea' id='block_1_60' title="bbox 445 4263 2091 4338">
    <p class='ocr_par' dir='ltr' id='par_1_60' title="bbox 445 4263 2091 4338">
     <span class='ocr_line' id='line_1_61' title="bbox 445 4263 2091 4338; baseline -0.001 -17"><span class='ocrx_word' id='word_1_400' title='bbox 445 4268 661 4323; x_wconf 90' lang='lat' dir='ltr'><strong>tionem</strong></span> <span class='ocrx_word' id='word_1_401' title='bbox 697 4268 908 4338; x_wconf 86' lang='lat' dir='ltr'><strong>rejecta</strong></span> <span class='ocrx_word' id='word_1_402' title='bbox 964 4270 1334 4334; x_wconf 84' lang='lat' dir='ltr'><strong>retractaque</strong></span> <span class='ocrx_word' id='word_1_403' title='bbox 1367 4264 1437 4317; x_wconf 88' lang='lat' dir='ltr'><strong>ad</strong></span> <span class='ocrx_word' id='word_1_404' title='bbox 1485 4267 1659 4318; x_wconf 87' lang='lat' dir='ltr'><strong>Deum</strong></span> <span class='ocrx_word' id='word_1_405' title='bbox 1694 4263 1882 4318; x_wconf 90' lang='lat' dir='ltr'><strong>denuo</strong></span> <span class='ocrx_word' id='word_1_406' title='bbox 1915 4266 2091 4319; x_wconf 81' lang='lat' dir='ltr'><strong>redis-</strong></span> 
     </span>
    </p>
   </div>
   <div class='ocr_carea' id='block_1_61' title="bbox 443 4352 2089 4428">
    <p class='ocr_par' dir='ltr' id='par_1_61' title="bbox 443 4352 2089 4428">
     <span class='ocr_line' id='line_1_62' title="bbox 443 4352 2089 4428; baseline -0.004 -15"><span class='ocrx_word' id='word_1_407' title='bbox 443 4363 550 4428; x_wconf 86' lang='lat' dir='ltr'><strong>set,</strong></span> <span class='ocrx_word' id='word_1_408' title='bbox 605 4375 634 4412; x_wconf 89' lang='lat' dir='ltr'><strong>a</strong></span> <span class='ocrx_word' id='word_1_409' title='bbox 666 4373 780 4428; x_wconf 92' lang='lat' dir='ltr'><strong>quo</strong></span> <span class='ocrx_word' id='word_1_410' title='bbox 811 4360 945 4411; x_wconf 90' lang='lat' dir='ltr'><strong>ante</strong></span> <span class='ocrx_word' id='word_1_411' title='bbox 978 4362 1213 4410; x_wconf 84' lang='lat' dir='ltr'><strong>extensa</strong></span> <span class='ocrx_word' id='word_1_412' title='bbox 1264 4354 1470 4408; x_wconf 82' lang='lat' dir='ltr'><strong>fuerat.</strong></span> <span class='ocrx_word' id='word_1_413' title='bbox 1505 4352 1954 4407; x_wconf 85' lang='lat' dir='ltr'><strong>Sanctissimum</strong></span> <span class='ocrx_word' id='word_1_414' title='bbox 1987 4370 2089 4408; x_wconf 88' lang='lat' dir='ltr'><strong>au-</strong></span> 
     </span>
    </p>
   </div>
   <div class='ocr_carea' id='block_1_62' title="bbox 442 4437 2087 4518">
    <p class='ocr_par' dir='ltr' id='par_1_62' title="bbox 442 4437 2087 4518">
     <span class='ocr_line' id='line_1_63' title="bbox 442 4437 2087 4518; baseline -0.003 -17"><span class='ocrx_word' id='word_1_415' title='bbox 442 4452 559 4501; x_wconf 84' lang='lat' dir='ltr'><strong>tem</strong></span> <span class='ocrx_word' id='word_1_416' title='bbox 594 4446 876 4518; x_wconf 84' lang='lat' dir='ltr'><strong>Spiritum</strong></span> <span class='ocrx_word' id='word_1_417' title='bbox 911 4443 1236 4516; x_wconf 71' lang='grc' dir='ltr'><strong>παρέκτασιν</strong></span> <span class='ocrx_word' id='word_1_418' title='bbox 1288 4443 1386 4504; x_wconf 79' lang='grc' dir='ltr'><strong>τῆς</strong></span> <span class='ocrx_word' id='word_1_419' title='bbox 1418 4437 1704 4508; x_wconf 74' lang='grc' dir='ltr'><strong>ἐκτάσεως,</strong></span> <span class='ocrx_word' id='word_1_420' title='bbox 1741 4441 1845 4496; x_wconf 87' lang='lat' dir='ltr'><strong>hoc</strong></span> <span class='ocrx_word' id='word_1_421' title='bbox 1878 4448 1964 4496; x_wconf 86' lang='lat' dir='ltr'><strong>est</strong></span> <span class='ocrx_word' id='word_1_422' title='bbox 1993 4458 2087 4496; x_wconf 82' lang='lat' dir='ltr'><strong>ex-</strong></span> 
     </span>
    </p>
   </div>
   <div class='ocr_carea' id='block_1_63' title="bbox 423 4529 2082 4603">
    <p class='ocr_par' dir='ltr' id='par_1_63' title="bbox 423 4529 2082 4603">
     <span class='ocr_line' id='line_1_64' title="bbox 423 4529 2082 4603; baseline -0.004 -11"><span class='ocrx_word' id='word_1_423' title='bbox 423 4535 722 4592; x_wconf 78' lang='lat' dir='ltr'><strong>tensionis</strong></span> <span class='ocrx_word' id='word_1_424' title='bbox 781 4534 1202 4597; x_wconf 82' lang='lat' dir='ltr'><strong>extensioncm,</strong></span> <span class='ocrx_word' id='word_1_425' title='bbox 1251 4549 1376 4603; x_wconf 69' lang='lat' dir='ltr'><strong>quia</strong></span> <span class='ocrx_word' id='word_1_426' title='bbox 1419 4531 1700 4602; x_wconf 86' lang='lat' dir='ltr'><strong>apostolis</strong></span> <span class='ocrx_word' id='word_1_427' title='bbox 1760 4529 2082 4602; x_wconf 82' lang='lat' dir='ltr'><strong>obtigisset.</strong></span> 
     </span>
    </p>
   </div>
   <div class='ocr_carea' id='block_1_64' title="bbox 441 4622 2088 4690">
    <p class='ocr_par' dir='ltr' id='par_1_64' title="bbox 441 4622 2088 4690">
     <span class='ocr_line' id='line_1_65' title="bbox 441 4622 2088 4690; baseline -0.002 -8"><span class='ocrx_word' id='word_1_428' title='bbox 441 4628 508 4684; x_wconf 89' lang='lat' dir='ltr'><strong>Ut</strong></span> <span class='ocrx_word' id='word_1_429' title='bbox 539 4643 653 4681; x_wconf 91' lang='lat' dir='ltr'><strong>uno</strong></span> <span class='ocrx_word' id='word_1_430' title='bbox 687 4625 859 4680; x_wconf 90' lang='lat' dir='ltr'><strong>verbo</strong></span> <span class='ocrx_word' id='word_1_431' title='bbox 894 4623 1213 4690; x_wconf 86' lang='lat' dir='ltr'><strong>absolvam,</strong></span> <span class='ocrx_word' id='word_1_432' title='bbox 1248 4622 1344 4678; x_wconf 90' lang='lat' dir='ltr'><strong>ille</strong></span> <span class='ocrx_word' id='word_1_433' title='bbox 1369 4622 1716 4678; x_wconf 87' lang='lat' dir='ltr'><strong>Trinitatem</strong></span> <span class='ocrx_word' id='word_1_434' title='bbox 1751 4623 1982 4677; x_wconf 82' lang='lat' dir='ltr'><strong>extendi</strong></span> <span class='ocrx_word' id='word_1_435' title='bbox 2030 4629 2088 4678; x_wconf 90' lang='lat' dir='ltr'><strong>et</strong></span> 
     </span>
    </p>
   </div>
   <div class='ocr_carea' id='block_1_65' title="bbox 437 4711 2082 4784">
    <p class='ocr_par' dir='ltr' id='par_1_65' title="bbox 437 4711 2082 4784">
     <span class='ocr_line' id='line_1_66' title="bbox 437 4711 2082 4784; baseline -0.002 -15"><span class='ocrx_word' id='word_1_436' title='bbox 437 4713 722 4783; x_wconf 87' lang='lat' dir='ltr'><strong>contrahi,</strong></span> <span class='ocrx_word' id='word_1_437' title='bbox 760 4729 860 4784; x_wconf 87' lang='lat' dir='ltr'><strong>pro</strong></span> <span class='ocrx_word' id='word_1_438' title='bbox 893 4711 1346 4784; x_wconf 89' lang='lat' dir='ltr'><strong>dispensationis</strong></span> <span class='ocrx_word' id='word_1_439' title='bbox 1410 4711 1746 4768; x_wconf 79' lang='lat' dir='ltr'><strong>diversitate</strong></span> <span class='ocrx_word' id='word_1_440' title='bbox 1779 4711 2082 4767; x_wconf 84' lang='lat' dir='ltr'><strong>fabulaba-</strong></span> 
     </span>
    </p>
   </div>
   <div class='ocr_carea' id='block_1_66' title="bbox 437 4807 552 4858">
    <p class='ocr_par' dir='ltr' id='par_1_66' title="bbox 437 4807 552 4858">
     <span class='ocr_line' id='line_1_67' title="bbox 437 4807 552 4858; baseline 0 0"><span class='ocrx_word' id='word_1_441' title='bbox 437 4807 552 4858; x_wconf 91' lang='lat' dir='ltr'><strong>tur.</strong></span> 
     </span>
    </p>
   </div>
   <div class='ocr_carea' id='block_1_67' title="bbox 755 4890 1762 4965">
    <p class='ocr_par' dir='ltr' id='par_1_67' title="bbox 755 4890 1762 4965">
     <span class='ocr_line' id='line_1_68' title="bbox 755 4890 1762 4965; baseline -0.008 -15"><span class='ocrx_word' id='word_1_442' title='bbox 755 4898 1007 4950; x_wconf 71' lang='lat' dir='ltr'><strong>liceresos</strong></span> <span class='ocrx_word' id='word_1_443' title='bbox 1046 4890 1406 4965; x_wconf 72' lang='lat' dir='ltr'><strong>praecedentis</strong></span> <span class='ocrx_word' id='word_1_444' title='bbox 1440 4891 1762 4960; x_wconf 77' lang='lat' dir='ltr'><strong>confatalia.</strong></span> 
     </span>
    </p>
   </div>
   <div class='ocr_carea' id='block_1_68' title="bbox 505 4993 2086 5073">
    <p class='ocr_par' dir='ltr' id='par_1_68' title="bbox 505 4993 2086 5073">
     <span class='ocr_line' id='line_1_69' title="bbox 505 4993 2086 5073; baseline -0.004 -16"><span class='ocrx_word' id='word_1_445' title='bbox 505 5007 790 5073; x_wconf 87' lang='lat' dir='ltr'><strong>Dogmata</strong></span> <span class='ocrx_word' id='word_1_446' title='bbox 851 4999 941 5054; x_wconf 87' lang='lat' dir='ltr'><strong>hic</strong></span> <span class='ocrx_word' id='word_1_447' title='bbox 991 5013 1224 5068; x_wconf 90' lang='lat' dir='ltr'><strong>quoque</strong></span> <span class='ocrx_word' id='word_1_448' title='bbox 1274 4993 1436 5049; x_wconf 91' lang='lat' dir='ltr'><strong>nullo</strong></span> <span class='ocrx_word' id='word_1_449' title='bbox 1499 4995 1668 5050; x_wconf 92' lang='lat' dir='ltr'><strong>modo</strong></span> <span class='ocrx_word' id='word_1_450' title='bbox 1719 4994 2086 5051; x_wconf 87' lang='lat' dir='ltr'><strong>admittenda</strong></span> 
     </span>
    </p>
   </div>
   <div class='ocr_carea' id='block_1_69' title="bbox 434 5082 2082 5163">
    <p class='ocr_par' dir='ltr' id='par_1_69' title="bbox 434 5082 2082 5163">
     <span class='ocr_line' id='line_1_70' title="bbox 434 5082 2082 5163; baseline -0.004 -17"><span class='ocrx_word' id='word_1_451' title='bbox 434 5090 805 5163; x_wconf 88' lang='lat' dir='ltr'><strong>probandave</strong></span> <span class='ocrx_word' id='word_1_452' title='bbox 860 5086 1241 5160; x_wconf 87' lang='lat' dir='ltr'><strong>proponebat.</strong></span> <span class='ocrx_word' id='word_1_453' title='bbox 1276 5082 1383 5146; x_wconf 89' lang='lat' dir='ltr'><strong>Qui</strong></span> <span class='ocrx_word' id='word_1_454' title='bbox 1433 5082 1589 5138; x_wconf 87' lang='lat' dir='ltr'><strong>enim</strong></span> <span class='ocrx_word' id='word_1_455' title='bbox 1624 5083 1745 5139; x_wconf 75' lang='lat' dir='ltr'><strong>fieri</strong></span> <span class='ocrx_word' id='word_1_456' title='bbox 1780 5088 1991 5155; x_wconf 84' lang='lat' dir='ltr'><strong>potest,</strong></span> <span class='ocrx_word' id='word_1_457' title='bbox 2018 5090 2082 5140; x_wconf 91' lang='lat' dir='ltr'><strong>ut</strong></span> 
     </span>
    </p>
   </div>
   <div class='ocr_carea' id='block_1_70' title="bbox 431 5172 2079 5245">
    <p class='ocr_par' dir='ltr' id='par_1_70' title="bbox 431 5172 2079 5245">
     <span class='ocr_line' id='line_1_71' title="bbox 431 5172 2079 5245; baseline -0.002 -12"><span class='ocrx_word' id='word_1_458' title='bbox 431 5177 758 5242; x_wconf 77' lang='grc' dir='ltr'>ὑπόστατον,</span> <span class='ocrx_word' id='word_1_459' title='bbox 803 5178 912 5234; x_wconf 90' lang='lat' dir='ltr'><strong>hoc</strong></span> <span class='ocrx_word' id='word_1_460' title='bbox 944 5181 1032 5232; x_wconf 90' lang='lat' dir='ltr'><strong>est</strong></span> <span class='ocrx_word' id='word_1_461' title='bbox 1065 5191 1166 5245; x_wconf 89' lang='lat' dir='ltr'><strong>per</strong></span> <span class='ocrx_word' id='word_1_462' title='bbox 1195 5191 1256 5229; x_wconf 89' lang='lat' dir='ltr'><strong>se</strong></span> <span class='ocrx_word' id='word_1_463' title='bbox 1313 5173 1642 5228; x_wconf 87' lang='lat' dir='ltr'><strong>subsistens</strong></span> <span class='ocrx_word' id='word_1_464' title='bbox 1703 5173 1800 5228; x_wconf 89' lang='lat' dir='ltr'><strong>Dei</strong></span> <span class='ocrx_word' id='word_1_465' title='bbox 1831 5172 2079 5229; x_wconf 81' lang='lat' dir='ltr'><strong>Verbum</strong></span> 
     </span>
    </p>
   </div>
   <div class='ocr_carea' id='block_1_71' title="bbox 432 5263 2083 5337">
    <p class='ocr_par' dir='ltr' id='par_1_71' title="bbox 432 5263 2083 5337">
     <span class='ocr_line' id='line_1_72' title="bbox 432 5263 2083 5337; baseline -0.005 -13"><span class='ocrx_word' id='word_1_466' title='bbox 432 5288 546 5327; x_wconf 92' lang='lat' dir='ltr'><strong>una</strong></span> <span class='ocrx_word' id='word_1_467' title='bbox 575 5288 709 5326; x_wconf 87' lang='lat' dir='ltr'><strong>cum</strong></span> <span class='ocrx_word' id='word_1_468' title='bbox 743 5270 1050 5337; x_wconf 88' lang='lat' dir='ltr'><strong>assumpta</strong></span> <span class='ocrx_word' id='word_1_469' title='bbox 1073 5279 1245 5319; x_wconf 88' lang='lat' dir='ltr'><strong>carne</strong></span> <span class='ocrx_word' id='word_1_470' title='bbox 1270 5271 1662 5334; x_wconf 86' lang='lat' dir='ltr'><strong>assumptum,</strong></span> <span class='ocrx_word' id='word_1_471' title='bbox 1701 5263 2083 5335; x_wconf 75' lang='lat' dir='ltr'><strong>assiduusque</strong></span> 
     </span>
    </p>
   </div>
   <div class='ocr_carea' id='block_1_72' title="bbox 433 5350 2081 5426">
    <p class='ocr_par' dir='ltr' id='par_1_72' title="bbox 433 5350 2081 5426">
     <span class='ocr_line' id='line_1_73' title="bbox 433 5350 2081 5426; baseline -0.002 -15"><span class='ocrx_word' id='word_1_472' title='bbox 433 5359 547 5413; x_wconf 86' lang='lat' dir='ltr'><strong>Deo</strong></span> <span class='ocrx_word' id='word_1_473' title='bbox 579 5365 635 5414; x_wconf 92' lang='lat' dir='ltr'><strong>et</strong></span> <span class='ocrx_word' id='word_1_474' title='bbox 670 5358 842 5426; x_wconf 83' lang='lat' dir='ltr'><strong>Patri,</strong></span> <span class='ocrx_word' id='word_1_475' title='bbox 866 5350 1137 5418; x_wconf 78' lang='grc' dir='ltr'><strong>ἔκστασις,</strong></span> <span class='ocrx_word' id='word_1_476' title='bbox 1171 5370 1270 5408; x_wconf 89' lang='lat' dir='ltr'><strong>seu</strong></span> <span class='ocrx_word' id='word_1_477' title='bbox 1307 5352 1566 5407; x_wconf 75' lang='lat' dir='ltr'><strong>extensio</strong></span> <span class='ocrx_word' id='word_1_478' title='bbox 1598 5355 1850 5423; x_wconf 67' lang='lat' dir='ltr'><strong>paternae</strong></span> <span class='ocrx_word' id='word_1_479' title='bbox 1873 5352 2081 5408; x_wconf 87' lang='lat' dir='ltr'><strong>divini-</strong></span> 
     </span>
    </p>
   </div>
   <div class='ocr_carea' id='block_1_73' title="bbox 435 5439 2084 5518">
    <p class='ocr_par' dir='ltr' id='par_1_73' title="bbox 435 5439 2084 5518">
     <span class='ocr_line' id='line_1_74' title="bbox 435 5439 2084 5518; baseline 0 -20"><span class='ocrx_word' id='word_1_480' title='bbox 435 5447 961 5518; x_wconf 86' lang='lat' dir='ltr'><strong>tatis,rursumque</strong></span> <span class='ocrx_word' id='word_1_481' title='bbox 976 5445 1044 5500; x_wconf 92' lang='lat' dir='ltr'><strong>ad</strong></span> <span class='ocrx_word' id='word_1_482' title='bbox 1075 5445 1252 5498; x_wconf 89' lang='lat' dir='ltr'><strong>Deum</strong></span> <span class='ocrx_word' id='word_1_483' title='bbox 1269 5442 1498 5498; x_wconf 89' lang='lat' dir='ltr'><strong>Patrem</strong></span> <span class='ocrx_word' id='word_1_484' title='bbox 1528 5439 2032 5498; x_wconf 88' lang='lat' dir='ltr'><strong>contrahidicatur</strong></span> <span class='ocrx_word' id='word_1_485' title='bbox 2056 5443 2084 5498; x_wconf 82' lang='lat'><strong>?</strong></span> 
     </span>
    </p>
   </div>
   <div class='ocr_carea' id='block_1_74' title="bbox 2203 1906 3852 1976">
    <p class='ocr_par' dir='ltr' id='par_1_74' title="bbox 2203 1906 3852 1976">
     <span class='ocr_line' id='line_1_75' title="bbox 2203 1906 3852 1976; baseline -0.002 -11"><span class='ocrx_word' id='word_1_486' title='bbox 2203 1909 2569 1965; x_wconf 89' lang='lat' dir='ltr'><strong>incarnatum</strong></span> <span class='ocrx_word' id='word_1_487' title='bbox 2628 1906 3008 1962; x_wconf 84' lang='lat' dir='ltr'><strong>aderabimus</strong></span> <span class='ocrx_word' id='word_1_488' title='bbox 3057 1907 3261 1976; x_wconf 88' lang='lat' dir='ltr'><strong>:quod</strong></span> <span class='ocrx_word' id='word_1_489' title='bbox 3319 1906 3556 1974; x_wconf 86' lang='lat' dir='ltr'><strong>quidem</strong></span> <span class='ocrx_word' id='word_1_490' title='bbox 3605 1911 3852 1961; x_wconf 81' lang='lat' dir='ltr'><strong>cunctas</strong></span> 
     </span>
    </p>
   </div>
   <div class='ocr_carea' id='block_1_75' title="bbox 2200 1995 3853 2069">
    <p class='ocr_par' dir='ltr' id='par_1_75' title="bbox 2200 1995 3853 2069">
     <span class='ocr_line' id='line_1_76' title="bbox 2200 1995 3853 2069; baseline -0.002 -15"><span class='ocrx_word' id='word_1_491' title='bbox 2200 1999 2449 2055; x_wconf 86' lang='lat' dir='ltr'><strong>haereses</strong></span> <span class='ocrx_word' id='word_1_492' title='bbox 2502 1999 2802 2069; x_wconf 86' lang='lat' dir='ltr'><strong>impietate</strong></span> <span class='ocrx_word' id='word_1_493' title='bbox 2843 1995 3008 2051; x_wconf 89' lang='lat' dir='ltr'><strong>facile</strong></span> <span class='ocrx_word' id='word_1_494' title='bbox 3047 1995 3291 2050; x_wconf 84' lang='lat' dir='ltr'><strong>excedit.</strong></span> <span class='ocrx_word' id='word_1_495' title='bbox 3325 1995 3631 2051; x_wconf 86' lang='lat' dir='ltr'><strong>Nestorius</strong></span> <span class='ocrx_word' id='word_1_496' title='bbox 3670 1997 3853 2064; x_wconf 90' lang='lat' dir='ltr'><strong>enim,</strong></span> 
     </span>
    </p>
   </div>
   <div class='ocr_carea' id='block_1_76' title="bbox 2201 2082 3854 2142">
    <p class='ocr_par' dir='ltr' id='par_1_76' title="bbox 2201 2082 3854 2142">
     <span class='ocr_line' id='line_1_77' title="bbox 2201 2082 3854 2142; baseline -0.002 0"><span class='ocrx_word' id='word_1_497' title='bbox 2201 2087 2433 2142; x_wconf 79' lang='lat' dir='ltr'><strong>tametsi</strong></span> <span class='ocrx_word' id='word_1_498' title='bbox 2470 2084 2794 2141; x_wconf 87' lang='lat' dir='ltr'><strong>naturalem</strong></span> <span class='ocrx_word' id='word_1_499' title='bbox 2847 2082 3169 2138; x_wconf 83' lang='lat' dir='ltr'><strong>divinitatis</strong></span> <span class='ocrx_word' id='word_1_500' title='bbox 3200 2087 3256 2137; x_wconf 90' lang='lat' dir='ltr'><strong>et</strong></span> <span class='ocrx_word' id='word_1_501' title='bbox 3285 2082 3675 2138; x_wconf 89' lang='lat' dir='ltr'><strong>humanitatis</strong></span> <span class='ocrx_word' id='word_1_502' title='bbox 3710 2099 3854 2138; x_wconf 87' lang='lat' dir='ltr'><strong>con-</strong></span> 
     </span>
    </p>
   </div>
   <div class='ocr_carea' id='block_1_77' title="bbox 2196 2172 3850 2248">
    <p class='ocr_par' dir='ltr' id='par_1_77' title="bbox 2196 2172 3850 2248">
     <span class='ocr_line' id='line_1_78' title="bbox 2196 2172 3850 2248; baseline -0.001 -18"><span class='ocrx_word' id='word_1_503' title='bbox 2196 2176 2561 2248; x_wconf 80' lang='lat' dir='ltr'><strong>junctionem</strong></span> <span class='ocrx_word' id='word_1_504' title='bbox 2611 2178 2871 2246; x_wconf 88' lang='lat' dir='ltr'><strong>negaret,</strong></span> <span class='ocrx_word' id='word_1_505' title='bbox 2904 2189 3208 2243; x_wconf 91' lang='lat' dir='ltr'><strong>unumque</strong></span> <span class='ocrx_word' id='word_1_506' title='bbox 3258 2172 3555 2228; x_wconf 87' lang='lat' dir='ltr'><strong>Christum</strong></span> <span class='ocrx_word' id='word_1_507' title='bbox 3617 2173 3761 2228; x_wconf 88' lang='lat' dir='ltr'><strong>duas</strong></span> <span class='ocrx_word' id='word_1_508' title='bbox 3793 2174 3850 2228; x_wconf 90' lang='lat' dir='ltr'><strong>in</strong></span> 
     </span>
    </p>
   </div>
   <div class='ocr_carea' id='block_1_78' title="bbox 2203 2260 3852 2337">
    <p class='ocr_par' dir='ltr' id='par_1_78' title="bbox 2203 2260 3852 2337">
     <span class='ocr_line' id='line_1_79' title="bbox 2203 2260 3852 2337; baseline -0.002 -17"><span class='ocrx_word' id='word_1_509' title='bbox 2203 2281 2483 2337; x_wconf 83' lang='lat' dir='ltr'><strong>personas</strong></span> <span class='ocrx_word' id='word_1_510' title='bbox 2515 2260 3144 2328; x_wconf 88' lang='lat' dir='ltr'><strong>divideret,scbeticam</strong></span> <span class='ocrx_word' id='word_1_511' title='bbox 3178 2267 3395 2329; x_wconf 88' lang='lat' dir='ltr'><strong>tamen,</strong></span> <span class='ocrx_word' id='word_1_512' title='bbox 3432 2261 3541 2316; x_wconf 90' lang='lat' dir='ltr'><strong>hoc</strong></span> <span class='ocrx_word' id='word_1_513' title='bbox 3575 2267 3664 2317; x_wconf 88' lang='lat' dir='ltr'><strong>est</strong></span> <span class='ocrx_word' id='word_1_514' title='bbox 3692 2262 3852 2317; x_wconf 86' lang='lat' dir='ltr'><strong>habi-</strong></span> 
     </span>
    </p>
   </div>
   <div class='ocr_carea' id='block_1_79' title="bbox 2203 2350 3850 2422">
    <p class='ocr_par' dir='ltr' id='par_1_79' title="bbox 2203 2350 3850 2422">
     <span class='ocr_line' id='line_1_80' title="bbox 2203 2350 3850 2422; baseline -0.002 -13"><span class='ocrx_word' id='word_1_515' title='bbox 2203 2352 2422 2409; x_wconf 85' lang='lat' dir='ltr'><strong>tualem</strong></span> <span class='ocrx_word' id='word_1_516' title='bbox 2457 2369 2556 2408; x_wconf 91' lang='lat' dir='ltr'><strong>seu</strong></span> <span class='ocrx_word' id='word_1_517' title='bbox 2592 2351 2890 2408; x_wconf 89' lang='lat' dir='ltr'><strong>relativam</strong></span> <span class='ocrx_word' id='word_1_518' title='bbox 2924 2350 3661 2422; x_wconf 87' lang='lat' dir='ltr'><strong>copulam,ctindivulsum</strong></span> <span class='ocrx_word' id='word_1_519' title='bbox 3680 2350 3850 2406; x_wconf 79' lang='lat' dir='ltr'><strong>Verbi</strong></span> 
     </span>
    </p>
   </div>
   <div class='ocr_carea' id='block_1_80' title="bbox 2203 2439 3853 2498">
    <p class='ocr_par' dir='ltr' id='par_1_80' title="bbox 2203 2439 3853 2498">
     <span class='ocr_line' id='line_1_81' title="bbox 2203 2439 3853 2498; baseline -0.002 0"><span class='ocrx_word' id='word_1_520' title='bbox 2203 2449 2257 2498; x_wconf 88' lang='lat' dir='ltr'><strong>ct</strong></span> <span class='ocrx_word' id='word_1_521' title='bbox 2287 2444 2423 2498; x_wconf 86' lang='lat' dir='ltr'><strong>Jcsu</strong></span> <span class='ocrx_word' id='word_1_522' title='bbox 2477 2457 2828 2496; x_wconf 89' lang='lat' dir='ltr'><strong>concursum</strong></span> <span class='ocrx_word' id='word_1_523' title='bbox 2865 2440 3174 2494; x_wconf 81' lang='lat' dir='ltr'><strong>fatebatur.</strong></span> <span class='ocrx_word' id='word_1_524' title='bbox 3227 2439 3330 2494; x_wconf 88' lang='lat' dir='ltr'><strong>Alii</strong></span> <span class='ocrx_word' id='word_1_525' title='bbox 3363 2445 3558 2496; x_wconf 89' lang='lat' dir='ltr'><strong>autem</strong></span> <span class='ocrx_word' id='word_1_526' title='bbox 3619 2440 3853 2495; x_wconf 84' lang='lat' dir='ltr'><strong>Davidi-</strong></span> 
     </span>
    </p>
   </div>
   <div class='ocr_carea' id='block_1_81' title="bbox 2205 2527 3852 2601">
    <p class='ocr_par' dir='ltr' id='par_1_81' title="bbox 2205 2527 3852 2601">
     <span class='ocr_line' id='line_1_82' title="bbox 2205 2527 3852 2601; baseline -0.002 -14"><span class='ocrx_word' id='word_1_527' title='bbox 2205 2548 2332 2588; x_wconf 91' lang='lat' dir='ltr'><strong>cam</strong></span> <span class='ocrx_word' id='word_1_528' title='bbox 2394 2547 2591 2586; x_wconf 89' lang='lat' dir='ltr'><strong>vocem</strong></span> <span class='ocrx_word' id='word_1_529' title='bbox 2646 2527 2797 2584; x_wconf 88' lang='lat' dir='ltr'><strong>male</strong></span> <span class='ocrx_word' id='word_1_530' title='bbox 2854 2528 3268 2601; x_wconf 84' lang='lat' dir='ltr'><strong>intelligentes,</strong></span> <span class='ocrx_word' id='word_1_531' title='bbox 3341 2545 3461 2600; x_wconf 87' lang='lat' dir='ltr'><strong>qua</strong></span> <span class='ocrx_word' id='word_1_532' title='bbox 3541 2529 3755 2600; x_wconf 80' lang='lat' dir='ltr'><strong>inquit,</strong></span> <span class='ocrx_word' id='word_1_533' title='bbox 3795 2529 3852 2583; x_wconf 83' lang='lat' dir='ltr'><strong>In</strong></span> 
     </span>
    </p>
   </div>
   <div class='ocr_carea' id='block_1_82' title="bbox 2205 2617 3856 2691">
    <p class='ocr_par' dir='ltr' id='par_1_82' title="bbox 2205 2617 3856 2691">
     <span class='ocr_line' id='line_1_83' title="bbox 2205 2617 3856 2691; baseline -0.001 -16"><span class='ocrx_word' id='word_1_534' title='bbox 2205 2621 2315 2676; x_wconf 80' lang='lat' dir='ltr'><strong>sole</strong></span> <span class='ocrx_word' id='word_1_535' title='bbox 2347 2621 2528 2691; x_wconf 78' lang='lat' dir='ltr'><strong>posuit</strong></span> <span class='ocrx_word' id='word_1_536' title='bbox 2578 2619 2996 2674; x_wconf 74' lang='lat' dir='ltr'><strong>tabernaculum</strong></span> <span class='ocrx_word' id='word_1_537' title='bbox 3026 2635 3184 2671; x_wconf 85' lang='lat' dir='ltr'><strong>suum</strong></span> <span class='ocrx_word' id='word_1_538' title='bbox 3217 2617 3280 2684; x_wconf 66' lang='lat'><strong>‘5,</strong></span> <span class='ocrx_word' id='word_1_539' title='bbox 3316 2619 3512 2673; x_wconf 88' lang='lat' dir='ltr'><strong>carnis</strong></span> <span class='ocrx_word' id='word_1_540' title='bbox 3545 2619 3856 2689; x_wconf 77' lang='lat' dir='ltr'><strong>depositio-</strong></span> 
     </span>
    </p>
   </div>
   <div class='ocr_carea' id='block_1_83' title="bbox 2206 2708 3860 2780">
    <p class='ocr_par' dir='ltr' id='par_1_83' title="bbox 2206 2708 3860 2780">
     <span class='ocr_line' id='line_1_84' title="bbox 2206 2708 3860 2780; baseline -0.002 -13"><span class='ocrx_word' id='word_1_541' title='bbox 2206 2728 2337 2767; x_wconf 91' lang='lat' dir='ltr'><strong>nem</strong></span> <span class='ocrx_word' id='word_1_542' title='bbox 2373 2711 2736 2771; x_wconf 75' lang='lat' dir='ltr'><strong>invexerunt,</strong></span> <span class='ocrx_word' id='word_1_543' title='bbox 2773 2710 3102 2780; x_wconf 80' lang='lat' dir='ltr'><strong>Filiumque</strong></span> <span class='ocrx_word' id='word_1_544' title='bbox 3147 2708 3403 2764; x_wconf 86' lang='lat' dir='ltr'><strong>Verbum</strong></span> <span class='ocrx_word' id='word_1_545' title='bbox 3438 2710 3511 2763; x_wconf 90' lang='lat' dir='ltr'><strong>ad</strong></span> <span class='ocrx_word' id='word_1_546' title='bbox 3545 2710 3730 2764; x_wconf 88' lang='lat' dir='ltr'><strong>Deum</strong></span> <span class='ocrx_word' id='word_1_547' title='bbox 3766 2711 3860 2764; x_wconf 83' lang='lat' dir='ltr'><strong>Pa-</strong></span> 
     </span>
    </p>
   </div>
   <div class='ocr_carea' id='block_1_84' title="bbox 2207 2797 3860 2856">
    <p class='ocr_par' dir='ltr' id='par_1_84' title="bbox 2207 2797 3860 2856">
     <span class='ocr_line' id='line_1_85' title="bbox 2207 2797 3860 2856; baseline -0.001 0"><span class='ocrx_word' id='word_1_548' title='bbox 2207 2810 2350 2856; x_wconf 87' lang='lat' dir='ltr'><strong>trem</strong></span> <span class='ocrx_word' id='word_1_549' title='bbox 2411 2816 2542 2854; x_wconf 92' lang='lat' dir='ltr'><strong>cum</strong></span> <span class='ocrx_word' id='word_1_550' title='bbox 2576 2799 2701 2855; x_wconf 91' lang='lat' dir='ltr'><strong>sola</strong></span> <span class='ocrx_word' id='word_1_551' title='bbox 2755 2799 3059 2854; x_wconf 89' lang='lat' dir='ltr'><strong>divinitate</strong></span> <span class='ocrx_word' id='word_1_552' title='bbox 3117 2797 3456 2854; x_wconf 88' lang='lat' dir='ltr'><strong>ascendisse</strong></span> <span class='ocrx_word' id='word_1_553' title='bbox 3510 2799 3860 2855; x_wconf 86' lang='lat' dir='ltr'><strong>docuerunt.</strong></span> 
     </span>
    </p>
   </div>
   <div class='ocr_carea' id='block_1_85' title="bbox 2208 2887 3858 2954">
    <p class='ocr_par' dir='ltr' id='par_1_85' title="bbox 2208 2887 3858 2954">
     <span class='ocr_line' id='line_1_86' title="bbox 2208 2887 3858 2954; baseline -0.002 -10"><span class='ocrx_word' id='word_1_554' title='bbox 2208 2890 2315 2954; x_wconf 91' lang='lat' dir='ltr'><strong>Qui</strong></span> <span class='ocrx_word' id='word_1_555' title='bbox 2348 2894 2540 2944; x_wconf 90' lang='lat' dir='ltr'><strong>autem</strong></span> <span class='ocrx_word' id='word_1_556' title='bbox 2577 2906 2611 2943; x_wconf 89' lang='lat' dir='ltr'><strong>a</strong></span> <span class='ocrx_word' id='word_1_557' title='bbox 2653 2887 2922 2943; x_wconf 83' lang='lat' dir='ltr'><strong>Marcello</strong></span> <span class='ocrx_word' id='word_1_558' title='bbox 2958 2887 3208 2954; x_wconf 83' lang='lat' dir='ltr'><strong>stabant,</strong></span> <span class='ocrx_word' id='word_1_559' title='bbox 3242 2887 3300 2942; x_wconf 92' lang='lat' dir='ltr'><strong>in</strong></span> <span class='ocrx_word' id='word_1_560' title='bbox 3335 2887 3691 2942; x_wconf 86' lang='lat' dir='ltr'><strong>contrariam</strong></span> <span class='ocrx_word' id='word_1_561' title='bbox 3725 2905 3858 2942; x_wconf 85' lang='lat' dir='ltr'><strong>sen-</strong></span> 
     </span>
    </p>
   </div>
   <div class='ocr_carea' id='block_1_86' title="bbox 2207 2977 3859 3048">
    <p class='ocr_par' dir='ltr' id='par_1_86' title="bbox 2207 2977 3859 3048">
     <span class='ocr_line' id='line_1_87' title="bbox 2207 2977 3859 3048; baseline -0.002 -14"><span class='ocrx_word' id='word_1_562' title='bbox 2207 2979 2474 3046; x_wconf 86' lang='lat' dir='ltr'><strong>tentiam,</strong></span> <span class='ocrx_word' id='word_1_563' title='bbox 2555 2993 2797 3048; x_wconf 82' lang='lat' dir='ltr'><strong>eamque</strong></span> <span class='ocrx_word' id='word_1_564' title='bbox 2872 2977 3216 3032; x_wconf 87' lang='lat' dir='ltr'><strong>deteriorem</strong></span> <span class='ocrx_word' id='word_1_565' title='bbox 3292 2977 3680 3045; x_wconf 87' lang='lat' dir='ltr'><strong>divertentes,</strong></span> <span class='ocrx_word' id='word_1_566' title='bbox 3737 2978 3859 3032; x_wconf 78' lang='lat' dir='ltr'><strong>Filii</strong></span> 
     </span>
    </p>
   </div>
   <div class='ocr_carea' id='block_1_87' title="bbox 2209 3065 3862 3141">
    <p class='ocr_par' dir='ltr' id='par_1_87' title="bbox 2209 3065 3862 3141">
     <span class='ocr_line' id='line_1_88' title="bbox 2209 3065 3862 3141; baseline -0.001 -19"><span class='ocrx_word' id='word_1_567' title='bbox 2209 3084 2513 3141; x_wconf 83' lang='lat' dir='ltr'><strong>personam</strong></span> <span class='ocrx_word' id='word_1_568' title='bbox 2544 3067 2601 3122; x_wconf 92' lang='lat' dir='ltr'><strong>in</strong></span> <span class='ocrx_word' id='word_1_569' title='bbox 2627 3067 2809 3122; x_wconf 89' lang='lat' dir='ltr'><strong>Deum</strong></span> <span class='ocrx_word' id='word_1_570' title='bbox 2835 3066 3057 3122; x_wconf 87' lang='lat' dir='ltr'><strong>Patrem</strong></span> <span class='ocrx_word' id='word_1_571' title='bbox 3082 3065 3692 3121; x_wconf 84' lang='lat' dir='ltr'><strong>resolvebant.Verum</strong></span> <span class='ocrx_word' id='word_1_572' title='bbox 3713 3067 3862 3121; x_wconf 86' lang='lat' dir='ltr'><strong>enim</strong></span> 
     </span>
    </p>
   </div>
   <div class='ocr_carea' id='block_1_88' title="bbox 2211 3151 3865 3227">
    <p class='ocr_par' dir='ltr' id='par_1_88' title="bbox 2211 3151 3865 3227">
     <span class='ocr_line' id='line_1_89' title="bbox 2211 3151 3865 3227; baseline -0.002 -16"><span class='ocrx_word' id='word_1_573' title='bbox 2211 3173 2344 3213; x_wconf 85' lang='lat' dir='ltr'><strong>vero</strong></span> <span class='ocrx_word' id='word_1_574' title='bbox 2371 3173 2501 3212; x_wconf 91' lang='lat' dir='ltr'><strong>cum</strong></span> <span class='ocrx_word' id='word_1_575' title='bbox 2536 3154 2865 3227; x_wconf 89' lang='lat' dir='ltr'><strong>blasphemi</strong></span> <span class='ocrx_word' id='word_1_576' title='bbox 2901 3154 2985 3208; x_wconf 89' lang='lat' dir='ltr'><strong>illi</strong></span> <span class='ocrx_word' id='word_1_577' title='bbox 3045 3155 3321 3226; x_wconf 87' lang='lat' dir='ltr'><strong>Spiritum</strong></span> <span class='ocrx_word' id='word_1_578' title='bbox 3364 3151 3634 3216; x_wconf 76' lang='grc' dir='ltr'><strong>ἐκτάσεως</strong></span> <span class='ocrx_word' id='word_1_579' title='bbox 3666 3155 3865 3223; x_wconf 64' lang='grc' dir='ltr'><strong>παρέκ-</strong></span> 
     </span>
    </p>
   </div>
   <div class='ocr_carea' id='block_1_89' title="bbox 2209 3245 3862 3315">
    <p class='ocr_par' dir='ltr' id='par_1_89' title="bbox 2209 3245 3862 3315">
     <span class='ocr_line' id='line_1_90' title="bbox 2209 3245 3862 3315; baseline -0.001 -14"><span class='ocrx_word' id='word_1_580' title='bbox 2209 3267 2382 3311; x_wconf 70' lang='grc' dir='ltr'>τασιν,</span> <span class='ocrx_word' id='word_1_581' title='bbox 2445 3247 2553 3301; x_wconf 92' lang='lat' dir='ltr'><strong>hoc</strong></span> <span class='ocrx_word' id='word_1_582' title='bbox 2610 3250 2698 3300; x_wconf 90' lang='lat' dir='ltr'><strong>est</strong></span> <span class='ocrx_word' id='word_1_583' title='bbox 2755 3245 3145 3300; x_wconf 79' lang='lat' dir='ltr'><strong>exstensionis</strong></span> <span class='ocrx_word' id='word_1_584' title='bbox 3223 3245 3668 3315; x_wconf 70' lang='lat' dir='ltr'><strong>productionem</strong></span> <span class='ocrx_word' id='word_1_585' title='bbox 3740 3262 3862 3300; x_wconf 83' lang='lat' dir='ltr'><strong>esse</strong></span> 
     </span>
    </p>
   </div>
   <div class='ocr_carea' id='block_1_90' title="bbox 2213 3333 3862 3405">
    <p class='ocr_par' dir='ltr' id='par_1_90' title="bbox 2213 3333 3862 3405">
     <span class='ocr_line' id='line_1_91' title="bbox 2213 3333 3862 3405; baseline 0.001 -15"><span class='ocrx_word' id='word_1_586' title='bbox 2213 3338 2394 3403; x_wconf 88' lang='lat' dir='ltr'><strong>aiunt,</strong></span> <span class='ocrx_word' id='word_1_587' title='bbox 2432 3351 2606 3390; x_wconf 88' lang='lat' dir='ltr'><strong>unam</strong></span> <span class='ocrx_word' id='word_1_588' title='bbox 2658 3335 2711 3388; x_wconf 93' lang='lat' dir='ltr'><strong>in</strong></span> <span class='ocrx_word' id='word_1_589' title='bbox 2749 3340 2954 3389; x_wconf 89' lang='lat' dir='ltr'><strong>sancta</strong></span> <span class='ocrx_word' id='word_1_590' title='bbox 2997 3333 3278 3389; x_wconf 75' lang='lat' dir='ltr'><strong>Trinitate</strong></span> <span class='ocrx_word' id='word_1_591' title='bbox 3325 3350 3640 3405; x_wconf 84' lang='lat' dir='ltr'><strong>personam</strong></span> <span class='ocrx_word' id='word_1_592' title='bbox 3679 3339 3862 3391; x_wconf 60' lang='lat' dir='ltr'><strong>nrani-</strong></span> 
     </span>
    </p>
   </div>
   <div class='ocr_carea' id='block_1_91' title="bbox 2213 3422 3860 3494">
    <p class='ocr_par' dir='ltr' id='par_1_91' title="bbox 2213 3422 3860 3494">
     <span class='ocr_line' id='line_1_92' title="bbox 2213 3422 3860 3494; baseline 0 -14"><span class='ocrx_word' id='word_1_593' title='bbox 2213 3426 2355 3480; x_wconf 85' lang='lat' dir='ltr'><strong>feste</strong></span> <span class='ocrx_word' id='word_1_594' title='bbox 2385 3427 2737 3490; x_wconf 89' lang='lat' dir='ltr'><strong>autumant;</strong></span> <span class='ocrx_word' id='word_1_595' title='bbox 2773 3422 2994 3494; x_wconf 89' lang='lat' dir='ltr'><strong>hocque</strong></span> <span class='ocrx_word' id='word_1_596' title='bbox 3054 3427 3221 3493; x_wconf 92' lang='lat' dir='ltr'><strong>pacto</strong></span> <span class='ocrx_word' id='word_1_597' title='bbox 3271 3422 3485 3477; x_wconf 88' lang='lat' dir='ltr'><strong>divinis</strong></span> <span class='ocrx_word' id='word_1_598' title='bbox 3544 3423 3860 3494; x_wconf 85' lang='lat' dir='ltr'><strong>Seripturis</strong></span> 
     </span>
    </p>
   </div>
   <div class='ocr_carea' id='block_1_92' title="bbox 2211 3512 3857 3585">
    <p class='ocr_par' dir='ltr' id='par_1_92' title="bbox 2211 3512 3857 3585">
     <span class='ocr_line' id='line_1_93' title="bbox 2211 3512 3857 3585; baseline -0.001 -15"><span class='ocrx_word' id='word_1_599' title='bbox 2211 3519 2267 3570; x_wconf 88' lang='lat' dir='ltr'><strong>et</strong></span> <span class='ocrx_word' id='word_1_600' title='bbox 2323 3512 2673 3585; x_wconf 80' lang='lat' dir='ltr'><strong>evangeliris</strong></span> <span class='ocrx_word' id='word_1_601' title='bbox 2730 3512 2903 3566; x_wconf 85' lang='lat' dir='ltr'><strong>dictis</strong></span> <span class='ocrx_word' id='word_1_602' title='bbox 2962 3512 3368 3567; x_wconf 82' lang='lat' dir='ltr'><strong>adversantur.</strong></span> <span class='ocrx_word' id='word_1_603' title='bbox 3421 3512 3567 3568; x_wconf 86' lang='lat' dir='ltr'><strong>Nam</strong></span> <span class='ocrx_word' id='word_1_604' title='bbox 3600 3514 3707 3583; x_wconf 90' lang='lat' dir='ltr'><strong>qui</strong></span> <span class='ocrx_word' id='word_1_605' title='bbox 3742 3514 3857 3568; x_wconf 81' lang='lat' dir='ltr'><strong>ﬁeri</strong></span> 
     </span>
    </p>
   </div>
   <div class='ocr_carea' id='block_1_93' title="bbox 2212 3599 3857 3674">
    <p class='ocr_par' dir='ltr' id='par_1_93' title="bbox 2212 3599 3857 3674">
     <span class='ocr_line' id='line_1_94' title="bbox 2212 3599 3857 3674; baseline 0 -17"><span class='ocrx_word' id='word_1_606' title='bbox 2212 3604 2417 3674; x_wconf 88' lang='lat' dir='ltr'><strong>possit,</strong></span> <span class='ocrx_word' id='word_1_607' title='bbox 2453 3608 2516 3657; x_wconf 88' lang='lat' dir='ltr'><strong>ut</strong></span> <span class='ocrx_word' id='word_1_608' title='bbox 2565 3603 2614 3657; x_wconf 91' lang='lat' dir='ltr'><strong>is</strong></span> <span class='ocrx_word' id='word_1_609' title='bbox 2667 3601 2845 3656; x_wconf 82' lang='lat' dir='ltr'><strong>Filius</strong></span> <span class='ocrx_word' id='word_1_610' title='bbox 2899 3605 2954 3656; x_wconf 89' lang='lat' dir='ltr'><strong>et</strong></span> <span class='ocrx_word' id='word_1_611' title='bbox 3000 3599 3254 3657; x_wconf 90' lang='lat' dir='ltr'><strong>Verbum</strong></span> <span class='ocrx_word' id='word_1_612' title='bbox 3312 3602 3408 3656; x_wconf 90' lang='lat' dir='ltr'><strong>Dei</strong></span> <span class='ocrx_word' id='word_1_613' title='bbox 3462 3607 3726 3668; x_wconf 87' lang='lat' dir='ltr'><strong>vocetur,</strong></span> <span class='ocrx_word' id='word_1_614' title='bbox 3759 3605 3857 3674; x_wconf 90' lang='lat' dir='ltr'><strong>qui</strong></span> 
     </span>
    </p>
   </div>
   <div class='ocr_carea' id='block_1_94' title="bbox 2211 3687 3856 3763">
    <p class='ocr_par' dir='ltr' id='par_1_94' title="bbox 2211 3687 3856 3763">
     <span class='ocr_line' id='line_1_95' title="bbox 2211 3687 3856 3763; baseline 0.001 -17"><span class='ocrx_word' id='word_1_615' title='bbox 2211 3691 2368 3747; x_wconf 91' lang='lat' dir='ltr'><strong>nullo</strong></span> <span class='ocrx_word' id='word_1_616' title='bbox 2399 3693 2572 3747; x_wconf 91' lang='lat' dir='ltr'><strong>modo</strong></span> <span class='ocrx_word' id='word_1_617' title='bbox 2603 3689 2757 3762; x_wconf 91' lang='lat' dir='ltr'><strong>apud</strong></span> <span class='ocrx_word' id='word_1_618' title='bbox 2804 3688 2933 3744; x_wconf 92' lang='lat' dir='ltr'><strong>illos</strong></span> <span class='ocrx_word' id='word_1_619' title='bbox 2985 3687 3346 3749; x_wconf 69' lang='grc' dir='ltr'>ὲνυπὸστατος</span> <span class='ocrx_word' id='word_1_620' title='bbox 3385 3695 3496 3758; x_wconf 90' lang='lat' dir='ltr'><strong>est,</strong></span> <span class='ocrx_word' id='word_1_621' title='bbox 3529 3707 3633 3747; x_wconf 89' lang='lat' dir='ltr'><strong>seu</strong></span> <span class='ocrx_word' id='word_1_622' title='bbox 3669 3709 3770 3763; x_wconf 90' lang='lat' dir='ltr'><strong>per</strong></span> <span class='ocrx_word' id='word_1_623' title='bbox 3798 3709 3856 3747; x_wconf 86' lang='lat' dir='ltr'><strong>se</strong></span> 
     </span>
    </p>
   </div>
   <div class='ocr_carea' id='block_1_95' title="bbox 2209 3777 3854 3851">
    <p class='ocr_par' dir='ltr' id='par_1_95' title="bbox 2209 3777 3854 3851">
     <span class='ocr_line' id='line_1_96' title="bbox 2209 3777 3854 3851; baseline -0.001 -16"><span class='ocrx_word' id='word_1_624' title='bbox 2209 3779 2514 3847; x_wconf 87' lang='lat' dir='ltr'><strong>substitit;</strong></span> <span class='ocrx_word' id='word_1_625' title='bbox 2550 3779 2635 3834; x_wconf 85' lang='lat' dir='ltr'><strong>vel</strong></span> <span class='ocrx_word' id='word_1_626' title='bbox 2696 3777 2848 3832; x_wconf 90' lang='lat' dir='ltr'><strong>alius</strong></span> <span class='ocrx_word' id='word_1_627' title='bbox 2904 3777 3153 3847; x_wconf 88' lang='lat' dir='ltr'><strong>Spiritus</strong></span> <span class='ocrx_word' id='word_1_628' title='bbox 3189 3777 3524 3833; x_wconf 88' lang='lat' dir='ltr'><strong>Paraeletus</strong></span> <span class='ocrx_word' id='word_1_629' title='bbox 3575 3780 3602 3834; x_wconf 75' lang='lat' dir='ltr'><strong>‘I</strong></span> <span class='ocrx_word' id='word_1_630' title='bbox 3644 3781 3854 3851; x_wconf 83' lang='lat' dir='ltr'><strong>Hujus-</strong></span> 
     </span>
    </p>
   </div>
   <div class='ocr_carea' id='block_1_96' title="bbox 2211 3870 3858 3942">
    <p class='ocr_par' dir='ltr' id='par_1_96' title="bbox 2211 3870 3858 3942">
     <span class='ocr_line' id='line_1_97' title="bbox 2211 3870 3858 3942; baseline 0.001 -14"><span class='ocrx_word' id='word_1_631' title='bbox 2211 3874 2364 3929; x_wconf 89' lang='lat' dir='ltr'><strong>modi</strong></span> <span class='ocrx_word' id='word_1_632' title='bbox 2399 3879 2554 3929; x_wconf 87' lang='lat' dir='ltr'><strong>certe</strong></span> <span class='ocrx_word' id='word_1_633' title='bbox 2603 3871 2955 3928; x_wconf 86' lang='lat' dir='ltr'><strong>assertiones</strong></span> <span class='ocrx_word' id='word_1_634' title='bbox 2993 3870 3371 3942; x_wconf 87' lang='lat' dir='ltr'><strong>dogmatibus</strong></span> <span class='ocrx_word' id='word_1_635' title='bbox 3431 3872 3643 3928; x_wconf 86' lang='lat' dir='ltr'><strong>Christi</strong></span> <span class='ocrx_word' id='word_1_636' title='bbox 3672 3875 3858 3930; x_wconf 82' lang='lat' dir='ltr'><strong>refra-</strong></span> 
     </span>
    </p>
   </div>
   <div class='ocr_carea' id='block_1_97' title="bbox 2206 3961 3857 4034">
    <p class='ocr_par' dir='ltr' id='par_1_97' title="bbox 2206 3961 3857 4034">
     <span class='ocr_line' id='line_1_98' title="bbox 2206 3961 3857 4034; baseline 0 -16"><span class='ocrx_word' id='word_1_637' title='bbox 2206 3968 2440 4034; x_wconf 90' lang='lat' dir='ltr'><strong>gantur,</strong></span> <span class='ocrx_word' id='word_1_638' title='bbox 2495 3963 2593 4034; x_wconf 90' lang='lat' dir='ltr'><strong>qui</strong></span> <span class='ocrx_word' id='word_1_639' title='bbox 2629 3962 2708 4017; x_wconf 90' lang='lat' dir='ltr'><strong>ait</strong></span> <span class='ocrx_word' id='word_1_640' title='bbox 2743 3978 2755 4016; x_wconf 94' lang='lat'><strong>:</strong></span> <span class='ocrx_word' id='word_1_641' title='bbox 2789 3961 2988 4018; x_wconf 84' lang='lat' dir='ltr'><strong>Eunles</strong></span> <span class='ocrx_word' id='word_1_642' title='bbox 3045 3961 3223 4016; x_wconf 73' lang='lat' dir='ltr'><strong>docete</strong></span> <span class='ocrx_word' id='word_1_643' title='bbox 3278 3975 3465 4016; x_wconf 78' lang='lat' dir='ltr'><strong>omnes</strong></span> <span class='ocrx_word' id='word_1_644' title='bbox 3524 3968 3722 4032; x_wconf 80' lang='lat' dir='ltr'><strong>gentes,</strong></span> <span class='ocrx_word' id='word_1_645' title='bbox 3759 3965 3857 4018; x_wconf 87' lang='lat' dir='ltr'><strong>ba-</strong></span> 
     </span>
    </p>
   </div>
   <div class='ocr_carea' id='block_1_98' title="bbox 2207 4054 3860 4126">
    <p class='ocr_par' dir='ltr' id='par_1_98' title="bbox 2207 4054 3860 4126">
     <span class='ocr_line' id='line_1_99' title="bbox 2207 4054 3860 4126; baseline -0.001 -15"><span class='ocrx_word' id='word_1_646' title='bbox 2207 4058 2476 4126; x_wconf 66' lang='lat' dir='ltr'><strong>ptizantes</strong></span> <span class='ocrx_word' id='word_1_647' title='bbox 2505 4071 2591 4110; x_wconf 88' lang='lat' dir='ltr'><strong>eos</strong></span> <span class='ocrx_word' id='word_1_648' title='bbox 2623 4057 2680 4109; x_wconf 83' lang='lat' dir='ltr'><strong>in</strong></span> <span class='ocrx_word' id='word_1_649' title='bbox 2728 4054 2953 4109; x_wconf 80' lang='lat' dir='ltr'><strong>nomine</strong></span> <span class='ocrx_word' id='word_1_650' title='bbox 2980 4055 3163 4109; x_wconf 75' lang='lat' dir='ltr'><strong>Patris</strong></span> <span class='ocrx_word' id='word_1_651' title='bbox 3219 4058 3268 4107; x_wconf 86' lang='lat' dir='ltr'><strong>et</strong></span> <span class='ocrx_word' id='word_1_652' title='bbox 3316 4055 3468 4119; x_wconf 81' lang='lat' dir='ltr'><strong>Filii,</strong></span> <span class='ocrx_word' id='word_1_653' title='bbox 3522 4062 3572 4110; x_wconf 79' lang='lat' dir='ltr'><strong>et</strong></span> <span class='ocrx_word' id='word_1_654' title='bbox 3614 4057 3860 4126; x_wconf 72' lang='lat' dir='ltr'><strong>Spiritus</strong></span> 
     </span>
    </p>
   </div>
   <div class='ocr_carea' id='block_1_99' title="bbox 2204 4143 3861 4212">
    <p class='ocr_par' dir='ltr' id='par_1_99' title="bbox 2204 4143 3861 4212">
     <span class='ocr_line' id='line_1_100' title="bbox 2204 4143 3861 4212; baseline -0.001 -10"><span class='ocrx_word' id='word_1_655' title='bbox 2204 4144 2470 4202; x_wconf 59' lang='lat' dir='ltr'><strong>sancti“.</strong></span> <span class='ocrx_word' id='word_1_656' title='bbox 2504 4143 2740 4212; x_wconf 80' lang='lat' dir='ltr'><strong>Triplici</strong></span> <span class='ocrx_word' id='word_1_657' title='bbox 2798 4143 2955 4198; x_wconf 91' lang='lat' dir='ltr'><strong>enim</strong></span> <span class='ocrx_word' id='word_1_658' title='bbox 3009 4143 3315 4197; x_wconf 90' lang='lat' dir='ltr'><strong>nominum</strong></span> <span class='ocrx_word' id='word_1_659' title='bbox 3380 4144 3772 4210; x_wconf 84' lang='lat' dir='ltr'><strong>invocatione,</strong></span> <span class='ocrx_word' id='word_1_660' title='bbox 3806 4151 3861 4200; x_wconf 84' lang='lat' dir='ltr'><strong>et</strong></span> 
     </span>
    </p>
   </div>
   <div class='ocr_carea' id='block_1_100' title="bbox 2204 4232 3860 4307">
    <p class='ocr_par' dir='ltr' id='par_1_100' title="bbox 2204 4232 3860 4307">
     <span class='ocr_line' id='line_1_101' title="bbox 2204 4232 3860 4307; baseline 0.001 -18"><span class='ocrx_word' id='word_1_661' title='bbox 2204 4235 2297 4290; x_wconf 90' lang='lat' dir='ltr'><strong>his</strong></span> <span class='ocrx_word' id='word_1_662' title='bbox 2328 4234 2542 4299; x_wconf 89' lang='lat' dir='ltr'><strong>verbis,</strong></span> <span class='ocrx_word' id='word_1_663' title='bbox 2580 4233 2734 4288; x_wconf 73' lang='lat' dir='ltr'><strong>Alius</strong></span> <span class='ocrx_word' id='word_1_664' title='bbox 2767 4232 3228 4300; x_wconf 72' lang='lat' dir='ltr'><strong>Paruelctus,tres</strong></span> <span class='ocrx_word' id='word_1_665' title='bbox 3260 4232 3652 4303; x_wconf 73' lang='lat' dir='ltr'><strong>designantur</strong></span> <span class='ocrx_word' id='word_1_666' title='bbox 3683 4236 3860 4307; x_wconf 81' lang='lat' dir='ltr'><strong>hypo-</strong></span> 
     </span>
    </p>
   </div>
   <div class='ocr_carea' id='block_1_101' title="bbox 2203 4321 3856 4395">
    <p class='ocr_par' dir='ltr' id='par_1_101' title="bbox 2203 4321 3856 4395">
     <span class='ocr_line' id='line_1_102' title="bbox 2203 4321 3856 4395; baseline 0.002 -18"><span class='ocrx_word' id='word_1_667' title='bbox 2203 4328 2411 4379; x_wconf 86' lang='lat' dir='ltr'><strong>stascs.</strong></span> <span class='ocrx_word' id='word_1_668' title='bbox 2446 4327 2606 4378; x_wconf 85' lang='lat' dir='ltr'><strong>Hanc</strong></span> <span class='ocrx_word' id='word_1_669' title='bbox 2641 4339 2811 4394; x_wconf 91' lang='lat' dir='ltr'><strong>porro</strong></span> <span class='ocrx_word' id='word_1_670' title='bbox 2843 4321 3087 4376; x_wconf 56' lang='lat' dir='ltr'><strong>hairesin</strong></span> <span class='ocrx_word' id='word_1_671' title='bbox 3140 4321 3284 4377; x_wconf 88' lang='lat' dir='ltr'><strong>nihil</strong></span> <span class='ocrx_word' id='word_1_672' title='bbox 3317 4322 3473 4377; x_wconf 90' lang='lat' dir='ltr'><strong>aliud</strong></span> <span class='ocrx_word' id='word_1_673' title='bbox 3513 4340 3698 4395; x_wconf 87' lang='lat' dir='ltr'><strong>quam</strong></span> <span class='ocrx_word' id='word_1_674' title='bbox 3726 4343 3856 4380; x_wconf 83' lang='lat' dir='ltr'><strong>sen-</strong></span> 
     </span>
    </p>
   </div>
   <div class='ocr_carea' id='block_1_102' title="bbox 2199 4410 3857 4486">
    <p class='ocr_par' dir='ltr' id='par_1_102' title="bbox 2199 4410 3857 4486">
     <span class='ocr_line' id='line_1_103' title="bbox 2199 4410 3857 4486; baseline 0.001 -18"><span class='ocrx_word' id='word_1_675' title='bbox 2199 4429 2302 4469; x_wconf 87' lang='lat' dir='ltr'><strong>sus</strong></span> <span class='ocrx_word' id='word_1_676' title='bbox 2337 4413 2580 4467; x_wconf 90' lang='lat' dir='ltr'><strong>humani</strong></span> <span class='ocrx_word' id='word_1_677' title='bbox 2614 4428 2852 4467; x_wconf 89' lang='lat' dir='ltr'><strong>sensum</strong></span> <span class='ocrx_word' id='word_1_678' title='bbox 2887 4428 3036 4478; x_wconf 89' lang='lat' dir='ltr'><strong>esse,</strong></span> <span class='ocrx_word' id='word_1_679' title='bbox 3080 4410 3169 4465; x_wconf 92' lang='lat' dir='ltr'><strong>vel</strong></span> <span class='ocrx_word' id='word_1_680' title='bbox 3211 4425 3279 4465; x_wconf 82' lang='lat' dir='ltr'><strong>ex</strong></span> <span class='ocrx_word' id='word_1_681' title='bbox 3311 4427 3377 4467; x_wconf 93' lang='lat' dir='ltr'><strong>eo</strong></span> <span class='ocrx_word' id='word_1_682' title='bbox 3409 4419 3665 4480; x_wconf 90' lang='lat' dir='ltr'><strong>constat,</strong></span> <span class='ocrx_word' id='word_1_683' title='bbox 3700 4416 3857 4486; x_wconf 86' lang='lat' dir='ltr'><strong>quod</strong></span> 
     </span>
    </p>
   </div>
   <div class='ocr_carea' id='block_1_103' title="bbox 2199 4499 3860 4572">
    <p class='ocr_par' dir='ltr' id='par_1_103' title="bbox 2199 4499 3860 4572">
     <span class='ocr_line' id='line_1_104' title="bbox 2199 4499 3860 4572; baseline 0.001 -16"><span class='ocrx_word' id='word_1_684' title='bbox 2199 4501 2321 4556; x_wconf 63' lang='lat' dir='ltr'><strong>haec</strong></span> <span class='ocrx_word' id='word_1_685' title='bbox 2353 4517 2584 4572; x_wconf 88' lang='lat' dir='ltr'><strong>quoque</strong></span> <span class='ocrx_word' id='word_1_686' title='bbox 2611 4499 2893 4566; x_wconf 82' lang='lat' dir='ltr'><strong>desolata,</strong></span> <span class='ocrx_word' id='word_1_687' title='bbox 2952 4499 3260 4567; x_wconf 82' lang='lat' dir='ltr'><strong>exstincta,</strong></span> <span class='ocrx_word' id='word_1_688' title='bbox 3295 4503 3351 4554; x_wconf 90' lang='lat' dir='ltr'><strong>et</strong></span> <span class='ocrx_word' id='word_1_689' title='bbox 3396 4500 3508 4554; x_wconf 91' lang='lat' dir='ltr'><strong>sub</strong></span> <span class='ocrx_word' id='word_1_690' title='bbox 3542 4501 3860 4558; x_wconf 86' lang='lat' dir='ltr'><strong>oblivionis</strong></span> 
     </span>
    </p>
   </div>
   <div class='ocr_carea' id='block_1_104' title="bbox 2117 4580 3862 4660">
    <p class='ocr_par' dir='ltr' id='par_1_104' title="bbox 2117 4580 3862 4660">
     <span class='ocr_line' id='line_1_105' title="bbox 2117 4580 3862 4660; baseline 0.001 -16"><span class='ocrx_word' id='word_1_691' title='bbox 2117 4580 2166 4644; x_wconf 84' lang='lat' dir='ltr'><strong>D</strong></span> <span class='ocrx_word' id='word_1_692' title='bbox 2199 4592 2473 4646; x_wconf 88' lang='lat' dir='ltr'><strong>tenebras</strong></span> <span class='ocrx_word' id='word_1_693' title='bbox 2506 4590 2772 4644; x_wconf 88' lang='lat' dir='ltr'><strong>demersa</strong></span> <span class='ocrx_word' id='word_1_694' title='bbox 2819 4589 2914 4643; x_wconf 89' lang='lat' dir='ltr'><strong>sit.</strong></span> <span class='ocrx_word' id='word_1_695' title='bbox 2948 4590 3004 4643; x_wconf 88' lang='lat' dir='ltr'><strong>Is</strong></span> <span class='ocrx_word' id='word_1_696' title='bbox 3035 4587 3186 4643; x_wconf 90' lang='lat' dir='ltr'><strong>enim</strong></span> <span class='ocrx_word' id='word_1_697' title='bbox 3218 4590 3318 4658; x_wconf 91' lang='lat' dir='ltr'><strong>qui</strong></span> <span class='ocrx_word' id='word_1_698' title='bbox 3369 4590 3738 4660; x_wconf 82' lang='lat' dir='ltr'><strong>profundum</strong></span> <span class='ocrx_word' id='word_1_699' title='bbox 3776 4595 3862 4646; x_wconf 89' lang='lat' dir='ltr'><strong>in-</strong></span> 
     </span>
    </p>
   </div>
   <div class='ocr_carea' id='block_1_105' title="bbox 2195 4675 3860 4751">
    <p class='ocr_par' dir='ltr' id='par_1_105' title="bbox 2195 4675 3860 4751">
     <span class='ocr_line' id='line_1_106' title="bbox 2195 4675 3860 4751; baseline 0.001 -17"><span class='ocrx_word' id='word_1_700' title='bbox 2195 4686 2414 4751; x_wconf 77' lang='lat' dir='ltr'><strong>crepat,</strong></span> <span class='ocrx_word' id='word_1_701' title='bbox 2464 4681 2630 4750; x_wconf 87' lang='lat' dir='ltr'><strong>eique</strong></span> <span class='ocrx_word' id='word_1_702' title='bbox 2661 4679 2825 4746; x_wconf 87' lang='lat' dir='ltr'><strong>dicit,</strong></span> <span class='ocrx_word' id='word_1_703' title='bbox 2855 4678 3103 4733; x_wconf 83' lang='lat' dir='ltr'><strong>Desolare</strong></span> <span class='ocrx_word' id='word_1_704' title='bbox 3137 4675 3183 4710; x_wconf 69' lang='lat'><strong>‘7</strong></span> <span class='ocrx_word' id='word_1_705' title='bbox 3217 4695 3230 4732; x_wconf 74' lang='grc' dir='ltr'>ε</span> <span class='ocrx_word' id='word_1_706' title='bbox 3289 4683 3345 4732; x_wconf 91' lang='lat' dir='ltr'><strong>et</strong></span> <span class='ocrx_word' id='word_1_707' title='bbox 3375 4677 3526 4734; x_wconf 87' lang='lat' dir='ltr'><strong>hanc</strong></span> <span class='ocrx_word' id='word_1_708' title='bbox 3585 4685 3647 4735; x_wconf 90' lang='lat' dir='ltr'><strong>et</strong></span> <span class='ocrx_word' id='word_1_709' title='bbox 3679 4689 3860 4736; x_wconf 65' lang='lat' dir='ltr'><strong>cmic—</strong></span> 
     </span>
    </p>
   </div>
   <div class='ocr_carea' id='block_1_106' title="bbox 2195 4766 3857 4839">
    <p class='ocr_par' dir='ltr' id='par_1_106' title="bbox 2195 4766 3857 4839">
     <span class='ocr_line' id='line_1_107' title="bbox 2195 4766 3857 4839; baseline 0.001 -15"><span class='ocrx_word' id='word_1_710' title='bbox 2195 4787 2288 4824; x_wconf 87' lang='lat' dir='ltr'><strong>ras</strong></span> <span class='ocrx_word' id='word_1_711' title='bbox 2344 4769 2597 4823; x_wconf 66' lang='lat' dir='ltr'><strong>haereses</strong></span> <span class='ocrx_word' id='word_1_712' title='bbox 2655 4766 3024 4833; x_wconf 87' lang='lat' dir='ltr'><strong>oblitteravit,</strong></span> <span class='ocrx_word' id='word_1_713' title='bbox 3096 4766 3313 4837; x_wconf 90' lang='lat' dir='ltr'><strong>quippe</strong></span> <span class='ocrx_word' id='word_1_714' title='bbox 3372 4785 3500 4838; x_wconf 79' lang='lat' dir='ltr'><strong>quae</strong></span> <span class='ocrx_word' id='word_1_715' title='bbox 3565 4771 3857 4839; x_wconf 83' lang='lat' dir='ltr'><strong>plautatio</strong></span> 
     </span>
    </p>
   </div>
   <div class='ocr_carea' id='block_1_107' title="bbox 2195 4854 3859 4932">
    <p class='ocr_par' dir='ltr' id='par_1_107' title="bbox 2195 4854 3859 4932">
     <span class='ocr_line' id='line_1_108' title="bbox 2195 4854 3859 4932; baseline 0.001 -17"><span class='ocrx_word' id='word_1_716' title='bbox 2195 4863 2390 4915; x_wconf 84' lang='lat' dir='ltr'><strong>essent</strong></span> <span class='ocrx_word' id='word_1_717' title='bbox 2421 4875 2592 4928; x_wconf 85' lang='lat' dir='ltr'><strong>quam</strong></span> <span class='ocrx_word' id='word_1_718' title='bbox 2629 4857 2796 4912; x_wconf 82' lang='lat' dir='ltr'><strong>Pater</strong></span> <span class='ocrx_word' id='word_1_719' title='bbox 2825 4854 3076 4911; x_wconf 77' lang='lat' dir='ltr'><strong>cmlestis</strong></span> <span class='ocrx_word' id='word_1_720' title='bbox 3110 4855 3268 4910; x_wconf 92' lang='lat' dir='ltr'><strong>nullo</strong></span> <span class='ocrx_word' id='word_1_721' title='bbox 3301 4873 3561 4928; x_wconf 88' lang='lat' dir='ltr'><strong>unquam</strong></span> <span class='ocrx_word' id='word_1_722' title='bbox 3591 4864 3859 4932; x_wconf 86' lang='lat' dir='ltr'><strong>tempore</strong></span> 
     </span>
    </p>
   </div>
   <div class='ocr_carea' id='block_1_108' title="bbox 2196 4948 2566 5020">
    <p class='ocr_par' dir='ltr' id='par_1_108' title="bbox 2196 4948 2566 5020">
     <span class='ocr_line' id='line_1_109' title="bbox 2196 4948 2566 5020; baseline -0.003 -17"><span class='ocrx_word' id='word_1_723' title='bbox 2196 4948 2566 5020; x_wconf 84' lang='lat' dir='ltr'><strong>plantaverit.</strong></span> 
     </span>
    </p>
   </div>
   <div class='ocr_carea' id='block_1_109' title="bbox 2825 5060 3193 5118">
    <p class='ocr_par' dir='ltr' id='par_1_109' title="bbox 2825 5060 3193 5118">
     <span class='ocr_line' id='line_1_110' title="bbox 2825 5060 3193 5118; baseline 0.003 -2"><span class='ocrx_word' id='word_1_724' title='bbox 2825 5060 2983 5116; x_wconf 86' lang='lat' dir='ltr'><strong>CAP.</strong></span> <span class='ocrx_word' id='word_1_725' title='bbox 3018 5060 3193 5118; x_wconf 75' lang='lat' dir='ltr'><strong>XXX.</strong></span> 
     </span>
    </p>
   </div>
   <div class='ocr_carea' id='block_1_110' title="bbox 2513 5203 3520 5273">
    <p class='ocr_par' dir='ltr' id='par_1_110' title="bbox 2513 5203 3520 5273">
     <span class='ocr_line' id='line_1_111' title="bbox 2513 5203 3520 5273; baseline 0 -13"><span class='ocrx_word' id='word_1_726' title='bbox 2513 5205 2804 5261; x_wconf 82' lang='lat' dir='ltr'><strong>Tricesima</strong></span> <span class='ocrx_word' id='word_1_727' title='bbox 2835 5203 3078 5273; x_wconf 63' lang='lat' dir='ltr'><strong>haeresis,</strong></span> <span class='ocrx_word' id='word_1_728' title='bbox 3128 5203 3520 5260; x_wconf 77' lang='lat' dir='ltr'><strong>Valentiorum.</strong></span> 
     </span>
    </p>
   </div>
   <div class='ocr_carea' id='block_1_111' title="bbox 2262 5347 3854 5423">
    <p class='ocr_par' dir='ltr' id='par_1_111' title="bbox 2262 5347 3854 5423">
     <span class='ocr_line' id='line_1_112' title="bbox 2262 5347 3854 5423; baseline 0.003 -17"><span class='ocrx_word' id='word_1_729' title='bbox 2262 5351 2476 5408; x_wconf 88' lang='lat' dir='ltr'><strong>Valens</strong></span> <span class='ocrx_word' id='word_1_730' title='bbox 2508 5349 2746 5423; x_wconf 88' lang='lat' dir='ltr'><strong>quidam</strong></span> <span class='ocrx_word' id='word_1_731' title='bbox 2801 5347 2987 5404; x_wconf 83' lang='lat' dir='ltr'><strong>Arabs</strong></span> <span class='ocrx_word' id='word_1_732' title='bbox 3037 5349 3271 5404; x_wconf 90' lang='lat' dir='ltr'><strong>natione</strong></span> <span class='ocrx_word' id='word_1_733' title='bbox 3324 5349 3508 5406; x_wconf 84' lang='lat' dir='ltr'><strong>fuisse</strong></span> <span class='ocrx_word' id='word_1_734' title='bbox 3541 5352 3758 5422; x_wconf 82' lang='lat' dir='ltr'><strong>fertur,</strong></span> <span class='ocrx_word' id='word_1_735' title='bbox 3790 5373 3854 5412; x_wconf 83' lang='lat' dir='ltr'><strong>ex</strong></span> 
     </span>
    </p>
   </div>
   <div class='ocr_carea' id='block_1_112' title="bbox 2192 5437 3850 5516">
    <p class='ocr_par' dir='ltr' id='par_1_112' title="bbox 2192 5437 3850 5516">
     <span class='ocr_line' id='line_1_113' title="bbox 2192 5437 3850 5516; baseline 0.001 -16"><span class='ocrx_word' id='word_1_736' title='bbox 2192 5461 2306 5516; x_wconf 92' lang='lat' dir='ltr'><strong>quo</strong></span> <span class='ocrx_word' id='word_1_737' title='bbox 2338 5442 2546 5508; x_wconf 88' lang='lat' dir='ltr'><strong>evenit,</strong></span> <span class='ocrx_word' id='word_1_738' title='bbox 2582 5445 2644 5496; x_wconf 91' lang='lat' dir='ltr'><strong>ut</strong></span> <span class='ocrx_word' id='word_1_739' title='bbox 2673 5439 2801 5510; x_wconf 90' lang='lat' dir='ltr'><strong>ejus</strong></span> <span class='ocrx_word' id='word_1_740' title='bbox 2835 5438 3073 5496; x_wconf 65' lang='lat' dir='ltr'><strong>heresis</strong></span> <span class='ocrx_word' id='word_1_741' title='bbox 3103 5437 3162 5495; x_wconf 92' lang='lat' dir='ltr'><strong>in</strong></span> <span class='ocrx_word' id='word_1_742' title='bbox 3195 5438 3468 5497; x_wconf 87' lang='lat' dir='ltr'><strong>Bacathis</strong></span> <span class='ocrx_word' id='word_1_743' title='bbox 3504 5443 3850 5514; x_wconf 85' lang='lat' dir='ltr'><strong>pullularet.</strong></span> 
     </span>
    </p>
   </div>
   <div class='ocr_carea' id='block_1_113' title="bbox 501 5553 3546 5632">
    <p class='ocr_par' dir='ltr' id='par_1_113' title="bbox 501 5553 3546 5632">
     <span class='ocr_line' id='line_1_114' title="bbox 501 5553 3546 5632; baseline 0 -19"><span class='ocrx_word' id='word_1_744' title='bbox 501 5563 545 5597; x_wconf 75' lang='grc'><strong>⁸³</strong></span> <span class='ocrx_word' id='word_1_745' title='bbox 575 5562 824 5632; x_wconf 84' lang='lat' dir='ltr'><strong>Philipp.</strong></span> <span class='ocrx_word' id='word_1_746' title='bbox 857 5577 918 5626; x_wconf 71' lang='grc' dir='ltr'><strong>ιι,</strong></span> <span class='ocrx_word' id='word_1_747' title='bbox 947 5563 1002 5629; x_wconf 88' lang='lat'><strong>6,</strong></span> <span class='ocrx_word' id='word_1_748' title='bbox 1032 5562 1088 5614; x_wconf 89' lang='lat'><strong>7.</strong></span> <span class='ocrx_word' id='word_1_749' title='bbox 1167 5559 1210 5592; x_wconf 74' lang='lat'><strong>“</strong></span> <span class='ocrx_word' id='word_1_750' title='bbox 1243 5558 1410 5614; x_wconf 87' lang='lat' dir='ltr'><strong>Joan.</strong></span> <span class='ocrx_word' id='word_1_751' title='bbox 1443 5575 1555 5627; x_wconf 77' lang='lat' dir='ltr'><strong>XVI,</strong></span> <span class='ocrx_word' id='word_1_752' title='bbox 1585 5559 1675 5612; x_wconf 88' lang='lat'><strong>28.</strong></span> <span class='ocrx_word' id='word_1_753' title='bbox 1753 5557 1799 5591; x_wconf 68' lang='lat'><strong>‘5</strong></span> <span class='ocrx_word' id='word_1_754' title='bbox 1829 5557 1979 5614; x_wconf 89' lang='lat' dir='ltr'><strong>Psal.</strong></span> <span class='ocrx_word' id='word_1_755' title='bbox 2007 5577 2164 5632; x_wconf 84' lang='lat' dir='ltr'><strong>xvm,</strong></span> <span class='ocrx_word' id='word_1_756' title='bbox 2197 5562 2252 5616; x_wconf 87' lang='lat'><strong>6.</strong></span> <span class='ocrx_word' id='word_1_757' title='bbox 2330 5559 2374 5595; x_wconf 83' lang='grc'><strong>⁴⁸</strong></span> <span class='ocrx_word' id='word_1_758' title='bbox 2406 5558 2610 5616; x_wconf 89' lang='lat' dir='ltr'><strong>Matth.</strong></span> <span class='ocrx_word' id='word_1_759' title='bbox 2642 5561 2838 5627; x_wconf 83' lang='lat' dir='ltr'><strong>xxvui,</strong></span> <span class='ocrx_word' id='word_1_760' title='bbox 2877 5557 2962 5614; x_wconf 87' lang='grc'><strong>19.</strong></span> <span class='ocrx_word' id='word_1_761' title='bbox 3041 5553 3084 5591; x_wconf 71' lang='lat'><strong>‘7</strong></span> <span class='ocrx_word' id='word_1_762' title='bbox 3126 5557 3236 5613; x_wconf 87' lang='lat' dir='ltr'><strong>Isa.</strong></span> <span class='ocrx_word' id='word_1_763' title='bbox 3273 5572 3423 5627; x_wconf 69' lang='grc' dir='ltr'><strong>κων,</strong></span> <span class='ocrx_word' id='word_1_764' title='bbox 3453 5559 3546 5614; x_wconf 88' lang='lat'><strong>27.</strong></span> 
     </span>
    </p>
   </div>
   <div class='ocr_carea' id='block_1_114' title="bbox 499 5683 2212 5768">
    <p class='ocr_par' dir='ltr' id='par_1_114' title="bbox 499 5683 2212 5768">
     <span class='ocr_line' id='line_1_115' title="bbox 499 5683 2212 5768; baseline 0.004 -31"><span class='ocrx_word' id='word_1_765' title='bbox 499 5688 609 5768; x_wconf 79' lang='grc'><strong>(48)</strong></span> <span class='ocrx_word' id='word_1_766' title='bbox 638 5687 691 5743; x_wconf 93' lang='lat' dir='ltr'><strong>S.</strong></span> <span class='ocrx_word' id='word_1_767' title='bbox 726 5683 917 5754; x_wconf 81' lang='lat' dir='ltr'><strong>Cyrilli</strong></span> <span class='ocrx_word' id='word_1_768' title='bbox 949 5685 1006 5740; x_wconf 93' lang='lat' dir='ltr'><strong>in</strong></span> <span class='ocrx_word' id='word_1_769' title='bbox 1031 5684 1408 5755; x_wconf 86' lang='lat' dir='ltr'><strong>Evangelium</strong></span> <span class='ocrx_word' id='word_1_770' title='bbox 1439 5683 1700 5742; x_wconf 79' lang='lat' dir='ltr'><strong>Joannis.</strong></span> <span class='ocrx_word' id='word_1_771' title='bbox 1729 5683 2002 5758; x_wconf 86' lang='lat' dir='ltr'><strong>Euthym.</strong></span> <span class='ocrx_word' id='word_1_772' title='bbox 2036 5686 2124 5744; x_wconf 90' lang='lat' dir='ltr'><strong>tit.</strong></span> <span class='ocrx_word' id='word_1_773' title='bbox 2158 5705 2212 5746; x_wconf 79' lang='grc' dir='ltr'><strong>ι.</strong></span> 
     </span>
    </p>
   </div>
  </div>
