4058 6212
233 353 382 416 1301

1565 358 1966 424 THESAURI
2009 366 2158 427 LIB.
2207 367 2310 430 IV.

3488 377 3645 438 1302

228 489 378 580 Sunt
436 489 644 580 autem
690 491 945 548 Bacatha
1005 491 1398 561 Metrocomia,
1445 494 1554 550 hoc
1609 498 1698 550 est
1762 493 1882 566 pri-
1913 500 1966 566 Α
1997 499 2177 557 edidit
2211 504 2673 576 multitudinem,
2705 507 3009 580 Egyptius
3053 525 3280 580 genere,
3331 511 3635 568 sanctissi-

231 579 482 634 marium
517 579 820 650 oppidum,
854 583 979 652 ejus
1010 581 1374 654 Philalphim,
1423 600 1549 654 quis
1582 583 1641 640 in
1677 584 1878 640 Arabia

227 673 385 726 trans
416 669 731 724 Jordanem
793 671 905 726 sita
937 673 1045 726 est.
1104 672 1314 728 Eadem
1376 673 1573 744 itaque
1623 673 1876 730 Valentii

226 774 456 831 quoque
488 758 556 813 de
589 759 891 831 principiis
923 765 980 815 et
1030 761 1420 832 potestatibus
1453 779 1590 819 cum
1621 763 1878 819 Archon-

223 849 375 918 ticis,
409 847 722 919 Setbianis,
757 853 812 903 et
862 849 1084 905 caeteris
1113 849 1291 921 hujus
1353 850 1558 908 furium
1589 852 1870 922 sentiunt,

224 937 369 992 Sunt
398 942 593 992 autem
651 954 854 992 omnes
913 939 1123 995 exsecti
1160 956 1172 994 :
1207 939 1560 1012 praecipuam
1621 941 1777 997 enim
1812 941 1871 997 in

220 1041 285 1081 eo
317 1026 605 1082 collocant
634 1043 883 1097 operam,
907 1032 968 1083 ut
1001 1045 1180 1099 quam
1214 1028 1504 1100 plurimos
1566 1031 1873 1087 eunuchos

220 1115 492 1171 habeant.
528 1115 838 1173 Hominem
890 1122 1084 1174 autem
1138 1134 1547 1190 quemcunque
1589 1124 1714 1176 suis
1747 1121 1871 1176 riti-

221 1205 332 1262 bus
364 1210 419 1261 et
451 1206 784 1262 cerimoniis
843 1207 1196 1263 initiandum
1257 1209 1647 1282 susceperint,
1695 1209 1873 1268 nullis

220 1296 498 1353 animatis
529 1297 681 1352 vesci
713 1298 1084 1369 permittunt,
1119 1299 1401 1370 quamdiu
1464 1301 1738 1371 pudenda
1768 1301 1870 1357 ba-

219 1384 426 1441 buerit.
463 1385 684 1450 Quibus
724 1387 934 1444 ablatis
990 1404 1268 1459 persuaso
1291 1390 1418 1461 jam
1450 1389 1536 1446 vel
1565 1390 1736 1446 etiam
1771 1407 1868 1447 co-

137 1545 144 1552 _
214 1480 342 1533 acto
375 1475 687 1547 discipulo,
722 1476 903 1532 libere
949 1485 1092 1545 tum,
1127 1483 1184 1533 et
1215 1496 1282 1534 ex
1339 1479 1523 1534 animi
1584 1480 1870 1537 sententia

211 1567 493 1640 quidquid
555 1567 818 1624 arriserit
877 1569 1046 1625 edere
1105 1570 1455 1641 permittunt
1489 1587 1502 1625 :
1539 1571 1677 1643 quia
1718 1573 1864 1642 jam,

217 1662 279 1714 ut
309 1657 421 1728 ipsi
475 1657 660 1728 aiunt,
694 1675 727 1713 a
758 1660 1081 1716 certamine
1109 1659 1258 1717 liber
1315 1664 1374 1718 et
1431 1661 1738 1733 expeditus
1763 1669 1866 1717 est.

209 1747 325 1804 Nec
358 1744 612 1818 amplius
640 1763 775 1803 eum
811 1747 870 1803 in
929 1749 1227 1820 pathicam
1292 1748 1575 1806 ibidinem
1604 1750 1868 1807 ciborum

210 1834 436 1892 deliciis
467 1835 950 1907 despumaturum
995 1838 1396 1909 suspicantur.
1430 1842 1545 1895 Neo
1580 1839 1684 1896 hos
1715 1839 1864 1895 dun-

205 1926 358 1979 tavat
387 1924 480 1980 his
513 1925 780 1981 afﬁciunt
814 1926 1026 1992 modis,
1060 1928 1160 1983 sed
1218 1931 1275 1984 et
1305 1929 1358 1984 si
1391 1928 1523 2001 quis
1551 1933 1860 1985 transeun-

212 2013 358 2069 tium
391 2015 463 2071 ad
495 2031 593 2072 eos
627 2015 896 2085 divertat,
928 2016 1092 2073 illum
1143 2017 1295 2074 intro
1331 2018 1601 2074 revinctis
1633 2037 1665 2075 a
1697 2024 1858 2091 tergo

203 2104 480 2161 manibus
523 2107 843 2179 abripiunt,
897 2115 1140 2182 tumque
1198 2110 1250 2165 vi
1311 2111 1612 2182 pudendas
1667 2119 1858 2184 partes

195 2205 487 2253 exsecant.

511 2316 789 2372 Haercseos
819 2317 1180 2386 praecedentis
1208 2321 1540 2390 con/utalia.

269 2430 662 2486 Exsecrandis
720 2431 1038 2487 haeresibus
1098 2433 1460 2488 accensenda
1513 2434 1740 2490 videtur
1799 2439 1855 2490 et

189 2519 323 2587 illa,
358 2535 488 2588 quae
520 2519 919 2574 Valentiorum
953 2523 1061 2589 est,
1097 2521 1315 2592 quippe
1346 2539 1472 2592 qua:
1509 2539 1622 2577 non
1656 2523 1849 2578 solum

188 2607 505 2677 principiis
536 2597 592 2662 et
623 2608 1010 2678 potestatibus
1033 2625 1065 2663 a
1097 2609 1212 2665 Deo
1240 2611 1449 2666 creatis
1475 2611 1653 2667 totius
1673 2613 1852 2683 hujus

189 2695 605 2749 universitatis
637 2695 1205 2753 administrationem
1245 2700 1557 2753 concredat
1591 2716 1603 2752 :
1638 2702 1732 2754 sed
1771 2701 1853 2754 di-

186 2782 350 2838 vinis
383 2783 557 2837 etiam
594 2785 889 2854 dogmatis
921 2787 1260 2858 refragetur.
1296 2787 1401 2843 Illa
1426 2789 1582 2843 enim
1615 2790 1684 2844 ad
1718 2789 1852 2859 legi-

177 2873 366 2926 timas
402 2872 640 2941 nuptias
670 2872 1038 2929 exhortantia
1069 2876 1151 2930 sic
1183 2876 1456 2932 sanciunt
1487 2893 1499 2933 :
1536 2877 1774 2934 Crescite
1800 2884 1850 2935 et

177 2959 680 3030 multiplicamini,
713 2970 763 3016 et
794 2964 993 3033 replete
1023 2968 1231 3020 terram
1262 2964 1328 3019 ‘3.

255 3051 504 3107 Valenlii
536 3068 666 3106 vero
708 3053 897 3108 modis
931 3055 1204 3110 omnibus
1236 3057 1572 3112 exsecrandi
1625 3059 1850 3130 puden-

182 3140 404 3195 dorum
437 3142 850 3207 exsectionem,
905 3144 1011 3198 hoc
1066 3148 1156 3200 est
1210 3162 1521 3202 commune
1580 3149 1845 3204 omnium

1991 593 2188 663 mique
2220 594 2492 666 martyris
2551 597 2818 654 Leonidae
2876 597 3031 652 filius
3091 598 3218 655 fuit.
3279 599 3634 656 Alexandriae

1990 691 2386 740 commoratus
2419 692 2527 756 est,
2561 687 2660 742 ubi
2691 704 2825 743 cum
2883 693 2940 743 et
2997 689 3275 745 educatus
3306 697 3358 745 et
3390 692 3630 748 edoctus

1989 771 2218 837 fuisset,
2260 774 2517 831 Athenas
2546 792 2777 847 quoque
2807 776 3234 848 commigravit,
3267 778 3468 851 ibique
3489 781 3632 836 assi-

1989 861 2172 916 duum
2205 879 2266 917 se
2297 863 2354 917 in
2377 864 2693 935 gymnasiis
2715 866 3042 921 auditorem
3069 868 3632 937 praestitit.Tandem

1988 967 2121 1006 cum
2155 952 2486 1008 Grmcorum
2520 953 2864 1026 disciplinas
2899 955 3321 1026 perdidicisset,
3356 957 3633 1014 ecclesia-

1987 1041 2149 1097 sticis
2181 1059 2414 1114 quoque
2445 1043 2734 1115 dogmatis
2767 1045 3028 1100 animum
3061 1046 3330 1101 excoluit.

2056 1149 2338 1205 Caeterum
2369 1151 2632 1206 Deciana:
2678 1151 3098 1224 persecutionis
3147 1155 3408 1224 tempore
3440 1154 3630 1212 multa

1983 1238 2079 1294 hic
2109 1245 2343 1311 propter
2401 1240 2535 1296 ﬁdei
2589 1241 3032 1297 confessionem
3088 1258 3301 1312 passus
3331 1247 3458 1298 est:
3495 1261 3630 1300 cum

1985 1327 2262 1385 convictis
2295 1330 2602 1386 lacessitus
2651 1330 2902 1386 mediam
2938 1346 3040 1401 per
3096 1330 3297 1386 urbem
3356 1333 3630 1402 trahitur,

1984 1420 2286 1477 tormentis
2363 1421 2664 1491 objicitur,
2726 1420 3095 1493 ludibrioque
3174 1421 3442 1478 habetur.
3503 1423 3628 1478 Ali-

1983 1510 2217 1580 quando
2248 1510 2426 1576 enim,
2461 1515 2526 1565 ut
2554 1511 2846 1567 memoriae
2879 1512 3173 1583 proditum
3219 1516 3331 1583 est,
3362 1529 3493 1569 eum
3526 1529 3627 1569 ca-

1982 1599 2098 1670 pite
2128 1600 2438 1655 detonsum
2471 1600 2650 1655 Graeci
2682 1601 2741 1656 in
2800 1601 3052 1672 Serapzei
3109 1601 3313 1673 templi
3342 1603 3624 1660 vestibulo

1981 1689 2427 1759 constituerunt,
2463 1689 2518 1744 id
2551 1690 3242 1762 munerisﬁimponentes,
3307 1696 3370 1746 ut
3399 1693 3625 1763 palma-

1980 1796 2109 1836 rum
2143 1779 2401 1836 ramulos
2433 1779 2507 1836 iis
2537 1780 2881 1853 porrigeret,
2914 1781 3015 1851 qui
3044 1779 3285 1852 Sarapin
3320 1782 3620 1838 adoraturi

1895 1853 1941 1918 Β
1971 1883 2038 1924 eo
2069 1869 2444 1925 escenderent
2479 1885 2491 1923 :
2527 1870 2680 1940 quod
2732 1870 2970 1940 quidem
3017 1885 3232 1925 munus
3289 1871 3619 1927 socerdotes

1966 1957 2256 2014 idolorum
2288 1958 2446 2013 obire
2506 1957 2794 2013 solebant.
2853 1958 2954 2013 Ille
3012 1975 3147 2014 vero
3183 1959 3464 2030 correptis
3523 1976 3612 2016 ra-

1967 2048 2100 2114 mis,
2134 2046 2376 2102 elatiore
2405 2061 2545 2102 voce
2581 2045 2722 2101 nihil
2751 2054 2850 2102 aut
2879 2047 3094 2102 veritus
3126 2051 3228 2102 aut
3259 2048 3616 2104 addubitans

1963 2136 2394 2193 vociterabatur
2426 2153 2437 2190 :
2472 2134 2680 2190 Venite
2719 2139 2776 2190 et
2831 2136 3100 2207 accipite,
3144 2153 3260 2192 non
3320 2136 3486 2206 idoli,
3521 2139 3623 2192 sed

1963 2225 2201 2294 Christi,
2263 2241 2518 2280 ramum.
2579 2224 2802 2288 Quibus
2865 2225 3060 2279 verbis
3114 2241 3245 2279 mox
3298 2225 3622 2296 iniquitatis

1962 2315 2210 2388 operarii
2235 2315 2512 2371 commoti
2548 2315 2848 2386 optionem
2882 2319 3236 2386 proponunt,
3271 2319 3464 2371 utrum
3503 2317 3624 2372 dae-

1963 2407 2237 2462 monibus
2283 2422 2450 2461 sacra
2505 2407 2717 2473 facere,
2787 2421 2858 2460 an
2911 2421 3043 2460 vero
3102 2421 3314 2476 corpus
3381 2405 3595 2460 Iibidin

1959 2495 2244 2566 Ethiopis
2276 2495 2478 2550 cinaedi
2513 2495 2864 2568 prostituere
2922 2493 3106 2550 malit.
3167 2493 3271 2550 Ille
3303 2511 3436 2550 cum
3487 2500 3607 2550 tam

1959 2584 2308 2641 sceleratum
2361 2589 2634 2657 stuprum
2695 2584 2811 2654 pati
2869 2601 2985 2639 non
3048 2587 3262 2655 posset,
3297 2583 3618 2640 miserabili

1959 2675 2313 2746 querelaque
2354 2691 2490 2731 voce
2545 2674 2876 2730 sacrificare
2931 2691 2995 2730 se
3054 2673 3228 2730 malle
3260 2674 3617 2746 respondit:

1957 2765 2105 2833 quod
2141 2781 2272 2819 cum
2308 2763 2481 2835 paulo
2516 2769 2646 2835 post
2678 2764 2990 2817 immutata
3045 2762 3337 2818 sententia
3370 2763 3556 2817 facere
3592 2776 3607 2817 :

1957 2855 2360 2922 detractasset,
2414 2852 2497 2907 illi
2560 2853 2852 2925 prioribus
2930 2851 3237 2922 promissis
3295 2851 3616 2918 instantes,

1956 2941 2231 3013 imposito
2265 2940 2540 2997 manibus
2573 2941 2701 3011 ejus
2733 2940 2926 3008 thure,
2959 2938 3142 2995 sacris
3173 2939 3231 2994 id
3265 2937 3488 3010 imponi
3523 2938 3607 2994 fo-

1955 3031 2038 3088 cis
2072 3031 2381 3104 imperant.

2023 3141 2186 3206 Quod
2225 3156 2362 3196 cum
2396 3139 2658 3205 fecisset,
2693 3141 2764 3195 ob
2797 3137 3075 3195 omnibus
3125 3135 3443 3192 Christiani
3479 3137 3626 3208 dog-

177 3229 494 3296 exsitium,
533 3247 884 3302 magnopere
930 3233 1234 3289 extollunt.
1289 3235 1536 3292 Proinde
1566 3238 1616 3291 si
1649 3253 1849 3292 eorum
1886 3227 1926 3293 C
1963 3231 2140 3285 matis
2199 3228 2633 3285 confCSSOFibUS
2689 3232 2745 3284 et
2804 3227 3160 3300 martyribus
3217 3225 3511 3296 839103118.
3556 3229 3612 3280 et

182 3318 594 3373 deliramentis
628 3335 832 3375 omnes
892 3321 1034 3376 forte
1091 3322 1322 3378 fortuna
1380 3324 1840 3396 subscriberent,

182 3408 537 3463 hominibus
569 3409 723 3463 haud
760 3410 933 3464 dubie
964 3415 1119 3466 terra
1168 3415 1494 3484 orbaretur,
1559 3415 1842 3474 ferarum-

182 3513 297 3566 que
331 3498 620 3553 duntaxat
651 3498 1000 3554 habitationi
1050 3506 1290 3573 pateret.
1341 3507 1628 3562 Caeterum
1664 3523 1842 3579 quam

185 3586 448 3641 exsectio
514 3587 632 3653 illa,
667 3604 783 3657 qua
839 3605 906 3644 ex
959 3589 1298 3646 hominibus
1357 3594 1611 3650 eunuchi
1675 3596 1844 3666 ﬁunt,

184 3674 366 3730 laude
401 3675 482 3729 sit
511 3675 1066 3747 indigna,Dominus
1092 3678 1150 3732 in
1175 3680 1502 3752 Evangeliis
1535 3688 1848 3741 attestatus

189 3769 302 3832 est,
333 3764 504 3819 illam
534 3764 714 3819 solam
747 3767 1001 3837 probans
1041 3784 1168 3839 quae
1201 3776 1434 3842 propter
1463 3789 1703 3844 regnum
1737 3792 1848 3830 cie-

185 3852 379 3909 lorum
417 3853 586 3908 ﬁeret
615 3869 627 3909 :
662 3870 784 3924 qua:
808 3857 1039 3926 quidem
1066 3858 1307 3916 frenatis
1338 3861 1639 3917 affectibus
1659 3863 1850 3935 potius

186 3958 368 4014 quam
409 3942 706 4013 pudendis
740 3945 1072 4001 resecandis
1103 3947 1254 4003 effici
1287 3949 1451 4006 solet.

253 4030 502 4102 Alioqui
535 4047 667 4088 vero
699 4048 830 4087 cum
861 4033 1038 4088 variae
1067 4045 1200 4090 sunt
1228 4036 1539 4092 affectuum
1605 4041 1848 4110 species,

177 4121 495 4191 corporeis
542 4121 756 4177 idcirco
807 4123 1344 4180 combinationibus
1394 4127 1850 4199 haudquaquam

182 4210 1068 4282 circumscribuntur(quorum
1128 4213 1372 4269 invitam
1434 4216 1851 4273 abstinentiam

184 4299 552 4354 insolentius
585 4299 696 4354 sibi
740 4299 1038 4356 vindicant
1089 4303 1389 4375 Valentii),
1448 4304 1548 4360 sed
1611 4307 1853 4362 avaritia

189 4403 454 4459 quoque,
492 4387 732 4458 invidia,
765 4389 1106 4446 ambitione.
1144 4390 1369 4460 luxu,et
1399 4393 1619 4449 caeteris
1640 4395 1848 4466 hujus-

188 4475 351 4530 modi
379 4477 685 4541 constant,
719 4477 935 4548 quibus
968 4479 1040 4533 ad
1074 4481 1397 4550 nequitiam
1431 4483 1682 4539 fenestra
1715 4501 1852 4556 pan-

185 4564 368 4620 ditur.
406 4564 486 4620 Ut
513 4569 735 4620 taceam
769 4567 1117 4623 miserorum
1151 4577 1511 4627 exsectorum
1547 4572 1856 4646 plerosque

179 4653 365 4725 longe.
397 4655 500 4710 die
536 4653 592 4708 in
623 4655 823 4722 ganeis
874 4657 1295 4727 deprehensos,
1356 4661 1451 4716 ubi
1514 4663 1862 4721 mulieribus

192 4749 414 4815 printer
446 4749 724 4798 naturam
756 4745 909 4802 viros
936 4765 997 4802 se
1037 4753 1422 4819 praestarent:
1455 4753 1572 4808 imo
1607 4770 1759 4822 vero,
1796 4761 1861 4811 ut

199 4832 285 4888 ita
319 4833 547 4899 dicam,
582 4832 893 4890 muliebria
923 4842 1295 4908 paterentur;
1324 4839 1574 4912 aliisque
1604 4846 1721 4898 tam
1757 4861 1857 4917 pa-

191 4921 350 4978 thice
397 4923 890 4980 obscaenitatibus
949 4926 1168 4982 addicti
1228 4935 1443 4998 essent,
1503 4937 1568 4988 ut
1596 4933 1700 4988 viri
1730 4935 1856 5005 jam

182 5027 298 5083 prae
334 5011 636 5068 semiviris
669 5012 810 5068 nulli
844 5031 1022 5086 prope
1051 5017 1408 5076 viderentur.

833 5132 989 5188 CAP.
1020 5134 1220 5191 XXXI.

245 5245 562 5302 Tricesima
590 5247 776 5318 prima
805 5249 1052 5317 haeresis,
1084 5252 1352 5322 Origenis.
1385 5256 1454 5309 Hi
1481 5262 1786 5327 unguntur.

184 5360 493 5430 Origenes,
525 5362 626 5433 qui
659 5368 714 5418 et
771 5365 1160 5422 Adamantius
1211 5376 1598 5440 cognomento
1657 5374 1850 5430 dictus

1957 3319 2218 3376 Ecclesia
2251 3321 2469 3390 ejectus
2503 3323 2610 3375 est.
2647 3318 2906 3373 Tandem
2938 3333 3071 3371 cum
3100 3319 3329 3370 tantum
3363 3315 3612 3370 dedecus

1961 3410 2107 3464 ferre
2139 3426 2252 3465 non
2286 3407 2860 3481 posset,Alexandria
2890 3421 2951 3462 se
2982 3406 3039 3460 in
3068 3405 3437 3462 Palaestinam
3469 3420 3607 3460 con-

1960 3500 2116 3568 tulit,
2148 3500 2248 3554 ubi
2281 3504 2520 3570 rogatus
2552 3499 2624 3554 ab
2657 3495 3178 3569 Hierosolymitano
3210 3495 3458 3562 clero,ut
3479 3509 3622 3550 con-

1963 3593 2186 3648 cionem
2218 3592 2476 3664 aliquam
2512 3591 2751 3646 haberet
2779 3591 3090 3663 (siquidem
3139 3589 3213 3644 ad
3238 3589 3611 3661 presbytera-

1965 3687 2059 3737 tus
2091 3683 2354 3737 ordinem
2388 3685 2697 3752 antequam
2729 3679 3078 3735 sacrificaret
3108 3679 3350 3732 allectus
3403 3677 3611 3744 fuerat)

1966 3771 2232 3841 surrexit,
2261 3776 2318 3826 et
2343 3787 2373 3825 e
2403 3769 2698 3826 tricesimo
2731 3783 2883 3824 nono
2928 3767 3160 3823 Psalmo
3192 3774 3349 3820 nunc
3381 3779 3615 3819 versum

1968 3861 2230 3915 recitavit
2264 3877 2276 3914 :
2310 3861 2593 3914 Pccmtori
2647 3863 2838 3914 autem
2889 3856 3034 3910 dixit
3092 3857 3250 3916 Deus,
3303 3855 3365 3909 Ut
3395 3851 3530 3924 quid
3558 3860 3617 3906 tu

1966 3949 2196 4022 exponis
2223 3951 2466 4018 iustitia:
2497 3965 2664 4017 meas,
2696 3951 2746 4002 et
2803 3946 3048 4001 assumis
3084 3947 3469 3998 testamentum
3496 3958 3611 3997 me-

1968 4055 2060 4091 um
2091 4038 2150 4092 in
2181 4053 2274 4092 ore
2302 4040 2394 4091 tuo
2423 4037 2468 4071 ‘9
2493 4037 2519 4090 ?
2558 4035 2986 4105 confestimque
3043 4033 3259 4087 librum
3321 4031 3534 4088 clausit
3563 4038 3619 4086 et

1969 4124 2222 4180 reddidit
2257 4140 2270 4178 :
2304 4128 2478 4194 atque
2509 4124 2564 4177 in
2602 4123 2853 4196 gemitus
2907 4127 2962 4178 et
3019 4122 3304 4191 lacrymas
3337 4136 3601 4192 prorum-

1970 4228 2136 4284 pens,
2168 4213 2442 4267 omnibus
2468 4212 2518 4267 ei
2547 4210 3300 4284 collacrymantibus,suam
3335 4226 3397 4265 se
3427 4208 3486 4264 in
3519 4225 3607 4265 se-

1969 4301 2102 4356 dem
2135 4301 2580 4372 recepit.Postea
2621 4317 2750 4356 cum
2788 4301 2846 4356 in
2880 4298 3335 4355 familiaritatem
3365 4298 3616 4354 venisset

1973 4391 2234 4446 Aabrosii
2268 4391 2381 4462 (59)
2429 4391 2738 4461 cujusdam
2801 4387 3206 4455 Marcionistaa,
3264 4388 3356 4442 vel
3412 4386 3615 4442 Sabel-

1971 4480 2135 4547 liani,
2168 4485 2232 4534 ut
2263 4480 2615 4551 quibusdam
2647 4479 2853 4549 placet,
2885 4477 2971 4532 illi
3001 4477 3236 4533 tandem
3296 4476 3612 4548 persuasit,

1967 4574 2050 4633 ut,
2112 4569 2315 4624 haeresi
2379 4568 2596 4635 relicta,
2645 4569 2914 4623 Ecclesiae
2977 4565 3276 4622 catholicae
3353 4566 3613 4622 adhaere-

1967 4663 2174 4715 sceret.
2211 4659 2313 4714 llle
2343 4675 2514 4730 porro
2547 4657 2850 4713 studiosus
2907 4671 3209 4712 sacrarum
3264 4656 3614 4712 Litterarum

1967 4747 2162 4819 lector,
2193 4749 2504 4819 Origenem
2540 4747 2784 4820 rogavit,
2821 4750 2885 4802 ut
2914 4746 3046 4802 illas
3105 4747 3613 4818 interpretaretur.

1965 4839 2067 4894 Hic
2096 4838 2246 4893 votis
2273 4838 2434 4892 illius
2467 4839 2724 4892 facturus
2751 4836 2893 4892 satis
2925 4836 3080 4908 apud
3125 4837 3340 4907 Tyrum
3374 4835 3611 4890 Phemi-

1963 4930 2084 4995 ciaa,
2120 4933 2180 4984 ut
2211 4930 2393 4995 aiunt,
2427 4946 2529 5001 per
2559 4932 2682 4984 octo
2715 4937 2768 4983 et
2819 4927 3025 4998 viginti
3076 4943 3262 4982 annos
3291 4924 3608 4996 Scripturis

1963 5019 2412 5088 interpretandis
2438 5034 2673 5090 operam
2705 5018 2952 5072 navnvit.
2987 5014 3274 5071 Habrosio
3305 5015 3500 5083 itaque
3525 5012 3606 5067 ci-

1960 5107 2144 5176 baria,
2183 5109 2458 5176 notarios,
2492 5112 2545 5163 et
2597 5121 3010 5176 amanuenscs,
3047 5121 3148 5161 nco
3207 5120 3323 5158 non
3382 5103 3612 5157 chartas

1960 5213 2092 5252 cum
2117 5197 2358 5269 reliquis
2393 5196 2726 5268 sumptibus
2763 5197 3130 5266 suggerente,
3162 5192 3442 5264 Origenes
3475 5207 3610 5248 con-

1959 5285 2224 5343 tinentia.
2253 5285 2446 5356 vigilia
2476 5290 2532 5340 et
2562 5285 2756 5341 labore
2799 5283 3054 5340 assiduis
3097 5282 3333 5337 tandem
3367 5279 3620 5337 confecit

1957 5391 2126 5446 Opus,
2159 5378 2214 5430 et
2245 5374 2317 5429 ad
2348 5374 2693 5430 umbilicum
2727 5372 3379 5445 perduxit,praecipuam
3410 5373 3609 5425 autem

183 5455 296 5521 est,
330 5457 389 5507 et
429 5454 892 5525 Commentator,
953 5455 1024 5510 ob
1084 5459 1640 5516 commentariorum
1699 5477 1847 5533 quos
1954 5479 2190 5539 operam
2223 5462 2402 5534 dedit,
2428 5463 2500 5519 iis
2532 5481 2658 5536 quas
2684 5463 2934 5536 llexapla
2953 5462 3249 5518 dicuntur.
3282 5461 3426 5518 Cum
3451 5459 3609 5516 enim

257 5577 306 5612 ‘8
336 5578 487 5634 Gen.
517 5596 563 5647 1,
593 5582 680 5650 22,
712 5579 802 5635 28.
880 5580 927 5615 ‘9
957 5582 1110 5638 Psal.
1142 5599 1286 5640 xux.
1326 5584 1407 5639 16.

261 5705 372 5780 (49)
408 5707 524 5764 Pro
558 5723 670 5779 quo
699 5708 912 5782 vulgus
942 5709 1286 5770 Ambrosius
1318 5711 1508 5770 habet.
