4058 6212
436 287 591 349 1303

1750 279 2054 343 NICETES
2095 279 2521 342 ΟΙΙΟΝΙΑΤᾸΞ

3694 280 3857 342 1304

434 419 719 477 dictiones
753 418 1062 476 llebraicas
1095 415 1306 472 litteris
1335 414 1550 472 Griecis
1597 431 1711 470 una
1742 413 1955 487 pagina
1986 429 2085 469 ex-
2113 416 2166 485 Α
2200 414 2478 483 Adamus,
2511 417 2827 486 antequam
2876 415 3160 485 peccaret,
3208 411 3463 484 efﬁgiem
3517 409 3684 468 illam
3713 399 3857 468 divi.

434 508 943 583 pressisset,unius
976 508 1131 562 enim
1164 506 1288 562 loco
1320 506 1488 570 duas,
1523 510 1585 560 ut
1617 521 1744 576 quae
1777 504 1929 559 idem
1947 520 2082 559 con-

433 598 713 664 venirent,
747 595 1405 667 habebat,mox§tcrtiam
1427 593 1515 650 vel
1540 593 1735 665 potius
1765 593 2079 648 secundam

436 690 736 762 paginam,
771 686 1049 742 nimirum
1084 687 1333 741 duorum
1386 688 1443 739 et
1495 683 1868 755 septuaginta
1900 683 2083 738 Inter-

436 783 691 851 pretum,
726 775 1216 847 subjunxit.Duos
1244 779 1301 829 et
1333 773 1705 845 septuaginta
1736 772 2085 844 Interpretcs

437 867 698 940 Aquitas,
733 864 1002 937 Aquilam
1036 863 1443 937 Symmachus,
1469 861 1883 932 Symmachum
1900 860 2081 917 Theo-

437 961 663 1028 dotion,
696 964 869 1031 atque
893 958 971 1012 ita
993 959 1227 1012 demum
1253 956 1461 1026 quinta
1486 953 1846 1025 sequebatur
1876 951 2080 1008 versio.

438 1053 556 1107 Hoc
587 1050 758 1106 modo
788 1048 970 1104 Vetus
1002 1062 1169 1103 omne
1188 1046 1630 1100 Testamentum
1656 1042 1782 1099 suis
1813 1041 2087 1114 Hexaplis

440 1139 776 1211 complexus
808 1142 916 1195 est.

511 1232 580 1286 At
609 1247 741 1286 vero
777 1234 857 1285 tot
908 1228 1168 1298 talesque
1218 1226 1445 1282 labores
1492 1223 1553 1278 in
1609 1221 1967 1295 explicandis
2000 1222 2087 1277 Bi-

439 1318 575 1376 bliis
630 1323 951 1376 exantlatos
1010 1316 1154 1372 illud
1223 1313 1686 1388 perniciosorum
1747 1311 2083 1383 dogmatum

439 1409 843 1467 corrollarium
878 1406 1232 1464 obscuravit.

508 1501 696 1571 Atque
744 1497 915 1553 illum
975 1497 1221 1552 fortasse
1274 1494 1429 1550 Deus
1488 1491 1898 1563 dereliquerat,
1931 1491 2087 1563 quod

440 1606 575 1646 eum
608 1605 768 1643 vanae
824 1586 1019 1657 glorias
1079 1599 1349 1655 aurasque
1407 1580 1673 1654 populari
1727 1579 2089 1652 aucupandis

443 1680 573 1751 plus
604 1694 767 1750 asquo
800 1677 1100 1732 addictum
1122 1674 1344 1730 videret
1370 1691 1382 1729 :
1404 1688 1524 1745 pne
1558 1671 1728 1741 cujus
1750 1670 1947 1726 studio
1970 1670 2087 1742 pri-

443 1767 607 1823 stinae
639 1782 780 1834 suae,
813 1763 1083 1836 quamvis
1132 1763 1372 1834 privatae
1420 1760 1548 1815 vitae
1597 1758 1914 1815 insidiatus
1943 1764 2085 1814 erat.
2122 1796 2169 1860 Β

442 1855 589 1912 Nam
621 1871 751 1912 cum
784 1853 961 1911 nollet
990 1852 1283 1925 corporeis
1328 1851 1603 1908 sensibus
1644 1847 1891 1917 titillari,
1923 1850 2090 1921 geni-

437 1945 577 2002 talia
603 1944 717 2003 sibi
748 1944 1009 2000 membra
1058 1946 1390 2000 resecuerat
1439 1959 1453 1997 :
1505 1943 1680 2012 atque
1731 1940 2002 2011 propriis,
2026 1944 2091 1997 ut

438 2034 678 2107 quidam
709 2033 930 2101 volunt,
962 2031 1274 2089 manibus:
1310 2036 1375 2088 ut
1404 2031 1525 2103 alii,
1584 2049 1762 2106 opera
1819 2032 1952 2088 Elia:
1982 2045 2089 2088 cu-

428 2126 669 2198 jusdam
705 2125 913 2182 medici
944 2123 1297 2198 percelebris
1328 2140 1495 2180 usus.

507 2215 635 2272 Non
665 2216 899 2283 desunt,
933 2215 1033 2287 qui
1088 2227 1334 2269 nervum
1393 2221 1832 2286 cremasterem,
1866 2213 1972 2271 hoc
2003 2216 2092 2270 est

437 2319 595 2371 eum,
628 2320 697 2360 ex
727 2321 843 2376 quo
901 2302 1156 2360 testiculi
1201 2303 1555 2374 dependent,
1615 2303 1899 2359 duntaxat
1926 2319 2090 2359 exse-

439 2395 631 2450 cuissc
661 2395 922 2450 tradunt.
955 2393 1205 2457 Quidam
1256 2392 1524 2464 apposito
1552 2391 1867 2462 pharmace
1898 2398 2090 2465 partes

439 2482 569 2540 illas
600 2483 921 2538 exsiccasse
952 2481 1332 2537 arbitrantur.
1380 2480 1491 2536 Alii
1526 2481 1814 2537 medicam
1848 2481 2089 2539 herbam

441 2572 727 2643 reperisse
779 2571 1028 2636 malunt,
1084 2570 1253 2641 cujus
1313 2569 1537 2625 viribus
1569 2570 1922 2641 spermatica
1950 2587 2091 2627 vasa

326 2698 335 2707 -
442 2666 888 2721 marcescerent.
942 2663 1052 2719 Sed
1104 2662 1177 2717 de
1228 2660 1317 2717 his
1366 2666 1674 2734 gactcnus.
1723 2663 1886 2718 Tunc
1919 2679 2089 2734 porro

440 2746 555 2811 suae
585 2754 744 2811 virus
776 2753 1069 2809 haereseos
1101 2768 1235 2807 cum
1290 2751 1349 2807 in
1388 2751 1700 2824 plerosque
1760 2750 1930 2818 alios,
1960 2756 2088 2809 tum

440 2846 500 2901 in
532 2844 869 2910 monachos,
914 2841 1319 2910 anachoretas,
1371 2845 1429 2897 et
1471 2841 1746 2898 eremitas
1792 2842 2091 2915 Egyptios

438 2950 711 3007 spargere
743 2933 916 3005 cmpit
951 2950 963 2988 :
996 2933 1113 2987 imo
1143 2947 1277 2988 vero
1308 2931 1555 3002 primam
1610 2930 1926 2987 fenestram
1956 2932 2088 2989 Ario

440 3021 690 3093 aperuit,
749 3019 1092 3091 caeterisque
1147 3017 1470 3085 sceleratis,
1530 3017 1631 3088 qui
1687 3022 1829 3074 sunt
1882 3018 2088 3075 Arium

440 3108 760 3165 subsecuti.

516 3163 793 3254 Leusus
848 3196 1002 3253 enim
1048 3198 1139 3253 est
1192 3211 1469 3268 asserere,
1530 3198 1684 3270 quod
1737 3198 2088 3271 Unigenitus
2119 3163 2169 3232 Ο

442 3290 672 3345 Patrem
730 3287 923 3342 videre
974 3302 1089 3342 non
1147 3286 1379 3357 possit:
1428 3302 1617 3359 neque
1674 3289 1813 3345 item
1874 3288 2087 3345 Filium

444 3376 696 3448 Spiritus
758 3393 771 3431 :
834 3390 1023 3446 neque
1080 3374 1366 3446 Spiritum
1424 3376 1637 3447 angeli,
1695 3392 1884 3451 neque
1913 3377 2089 3434 homo

445 3463 684 3537 angelos
712 3464 908 3519 videro
937 3466 1131 3534 queat.

514 3555 566 3608 2.
597 3554 763 3623 Item,
803 3551 1009 3607 Filium
1041 3551 1273 3607 dicebat
1306 3568 1422 3609 non
1460 3567 1588 3609 esse
1618 3569 1687 3610 ex
1737 3554 1924 3611 Patris
1955 3555 2091 3611 sub-

446 3642 687 3714 stantia,
718 3644 817 3700 sed
852 3641 1042 3698 modis
1099 3641 1376 3697 omnibus
1428 3642 1684 3699 alienum
1730 3644 1801 3700 ab
1833 3660 1919 3711 co,
1953 3644 2094 3716 quia

444 3734 726 3790 nimirum
776 3735 1007 3789 creatus
1054 3731 1157 3802 sit,
1212 3730 1509 3804 Filiusque
1561 3749 1664 3805 per
1711 3734 1958 3806 gratiam
1989 3750 2092 3791 vo-

445 3828 626 3880 cetur.

515 3914 570 3968 3.
606 3912 818 3967 Adham
862 3912 1084 3968 animas
1134 3911 1477 3969 hominibus
1526 3912 1883 3985 antiquiores
1928 3914 2092 3970 afﬁr-

448 4004 661 4071 mabat,
694 4020 821 4074 qum
850 4002 1073 4059 scilicet
1100 4001 1288 4073 angeli
1321 4002 1640 4074 aliquando
1664 4007 2095 4075 potestatesque

446 4092 979 4148 l'uerint:tandem
1035 4108 1189 4159 vero,
1252 4108 1386 4147 cum
1447 4099 1807 4163 peccassent,
1868 4092 1928 4148 in
1985 4092 2095 4148 hoc

447 4198 681 4252 corpus,
714 4186 996 4252 tanquam
1029 4180 1089 4236 in
1140 4181 1505 4253 ergastulum
1560 4181 1871 4249 demissas,
1908 4187 1972 4239 ut
2000 4182 2094 4239 hic

449 4271 695 4341 primam
729 4270 1273 4327 condemnationem
1307 4271 1812 4343 cxperirentur.Ex
1843 4287 1953 4343 quo
1974 4288 2094 4329 eve-

448 4361 555 4430 nit,
589 4367 655 4416 ut
690 4360 873 4417 Graeci
903 4375 1116 4431 corpus
1166 4355 1331 4431 ὃὲμας
1383 4359 1654 4431 dixerint,
1678 4359 1821 4435 παρὰ
1852 4360 1914 4415 τὸ
1944 4357 2092 4415 8.4.82-

447 4465 566 4516 σθαι
626 4452 725 4520 τὴν
779 4454 966 4525 ψυχήν
1027 4448 1079 4505 ἐν
1139 4448 1287 4521 αὐτῷ
1349 4452 1479 4523 (50),
1532 4451 1641 4508 hoc
1698 4456 1806 4515 est,
1841 4452 1998 4525 quod
2026 4470 2093 4509 eo

2193 521 2331 559 nam
2365 509 2585 559 sartum
2623 502 2971 570 tectam,hoc
3003 505 3093 558 est
3121 502 3401 558 omnibus
3431 502 3859 571 integumentis

2195 594 2439 659 nudam,
2470 591 2712 664 solaque
2738 592 2998 648 humana
3028 591 3217 647 forma
3249 590 3579 663 prmditam,
3614 607 3855 648 conser-

2193 683 2382 739 vabat.
2416 687 2492 739 At
2521 699 2654 739 vero
2686 686 3068 755 posteaquam
3099 680 3329 737 Domini
3361 685 3645 753 precepts
3667 684 3861 739 trans-

2195 788 2430 845 gressus
2461 776 2568 843 est,
2604 772 2872 828 eamdem
2916 770 3081 827 illam
3122 771 3366 827 formam
3403 771 3681 842 perdidit,
3714 787 3856 826 cum

2195 862 2453 933 primum
2506 861 2731 918 scilicet
2779 878 2992 934 corpus
3042 860 3152 917 hoc
3203 861 3398 916 anima
3446 860 3655 928 subiit,
3688 862 3849 933 quod

2195 951 2432 1023 quidem
2469 951 2846 1024 petiicearum
2898 951 3237 1007 tunicarum
3288 950 3528 1006 nomine
3568 952 3763 1006 sacris
3794 951 3852 1006 in

2195 1041 2514 1115 Scripturis
2542 1040 2935 1114 signiﬁcatur,
2968 1046 3094 1097 tum
3139 1041 3279 1112 quia
3329 1056 3545 1111 corpus
3576 1039 3708 1109 hoc,
3743 1056 3853 1111 quo

2194 1129 2568 1201 involvimur,
2603 1128 3047 1187 resurrectionis
3078 1128 3238 1187 illius
3267 1128 3362 1185 die
3392 1145 3508 1184 non
3540 1134 3850 1203 resurget;

2196 1220 2297 1277 sed
2326 1219 2585 1276 humana
2634 1224 2866 1276 tantum
2912 1220 3119 1288 forma,
3160 1234 3274 1289 qua
3318 1216 3538 1273 Paulus
3589 1217 3735 1274 forte
3763 1218 3852 1274 vel

2198 1309 2399 1365 Petrus
2422 1309 2809 1382 dignoscitur,
2843 1311 3019 1380 atque
3048 1306 3188 1364 adeo
3218 1306 3549 1362 extrinseca
3576 1304 3679 1361 illa
3702 1306 3851 1378 ﬁgu-

2195 1415 2260 1455 ra
2289 1402 2571 1468 resurget,
2603 1415 2730 1471 quis
2762 1397 2873 1455 sub
2906 1398 3092 1466 forma
3142 1412 3373 1469 quaque
3401 1395 3854 1467 comprehendi-

2196 1491 2314 1543 tur.
2350 1491 2525 1543 Porro
2569 1487 2905 1559 subjectum
2949 1486 3168 1559 ipsum,
3211 1483 3331 1540 sive
3390 1499 3628 1556 corpus,
3661 1484 3856 1539 haud-

2198 1593 2490 1649 quaquam
2522 1575 2673 1632 idem
2722 1574 3027 1631 manebit:
3061 1573 3381 1630 Seminatur
3434 1573 3595 1629 enim
3652 1589 3857 1644 corpus

2197 1667 2459 1732 animale,
2488 1665 2682 1737 inquit
2709 1663 3041 1736 Apostolus,
3085 1679 3390 1736 corpusque
3428 1663 3725 1735 spirituale
3753 1680 3855 1719 re-

2198 1757 2374 1825 surgit
2403 1755 2468 1811 ⁵³.
2519 1758 2882 1828 Quapropter
2927 1770 3166 1810 necesse
3207 1758 3315 1825 est,
3366 1758 3425 1809 ut
3476 1753 3861 1809 resurrectio-

2202 1862 2333 1902 nem
2366 1844 2426 1901 in
2460 1844 2585 1900 sola
2619 1844 2804 1902 forma
2834 1845 3090 1900 futuram
3140 1859 3468 1916 speremus,
3495 1842 3553 1899 in
3586 1843 3860 1914 subjecto

2201 1951 2358 1995 vero-
2392 1951 2507 1991 non
2539 1934 2697 1991 item.

2275 2025 2401 2080 llaec
2433 2028 2570 2081 sunt
2600 2040 2727 2096 quae
2757 2023 3038 2096 Origenes
3069 2022 3138 2079 de
3191 2023 3523 2079 animarum
3576 2022 3861 2095 praecxsi-

2200 2114 2438 2183 stantia,
2472 2118 2529 2170 et
2567 2114 2990 2170 resurrectione
3022 2113 3321 2171 disseruit.

2268 2204 2422 2261 ldem
2451 2200 2841 2276 ἀλληγορικῶς
2871 2202 3066 2258 omnia
3097 2201 3388 2275 explicare
3447 2205 3690 2258 conatus
3740 2204 3856 2271 est,

2201 2291 2563 2366 paradisum,
2593 2291 2857 2362 inquam,
2892 2300 2944 2347 et
2976 2295 3306 2363 aquas,tam
3336 2307 3471 2363 quae
3500 2291 3848 2362 infra,quam

2201 2398 2329 2455 quae
2360 2398 2540 2453 supra
2569 2382 3012 2438 ﬁrmamentum
3035 2396 3163 2437 esse
3194 2381 3487 2437 feruntur.

2272 2471 2347 2528 Ut
2378 2488 2494 2528 uno
2526 2470 2696 2528 verbo
2729 2469 3051 2538 absolvam,
3100 2474 3286 2527 totam
3324 2469 3687 2543 Scripturam
3718 2487 3853 2544 per-

2197 2561 2394 2628 vertit,
2425 2559 2720 2632 futurique
2749 2561 2894 2616 adeo
2944 2559 3141 2616 seculi
3196 2558 3558 2632 supplicium
3587 2565 3858 2632 tempore

2201 2655 2358 2707 certo
2387 2651 2651 2723 praebuit,
2678 2649 2872 2706 locum
2905 2649 3074 2706 illum
3106 2649 3268 2705 Pauli
3298 2648 3554 2721 apostoli
3592 2650 3745 2706 maie
3769 2650 3859 2704 in-

2198 2739 2494 2812 telligens,
2548 2755 2662 2812 quo
2719 2738 2802 2795 ita
2858 2738 3157 2809 scribitur,
3226 2739 3666 2813 Uniuscujusquc
3720 2755 3861 2811 Opus

2201 2830 2381 2901 quale
2400 2835 2479 2886 est
2510 2828 2659 2899 ignis
2684 2826 2958 2902 probabit,
2995 2829 3112 2901 ipse
3139 2837 3324 2885 autem
3362 2831 3527 2900 quasi
3556 2845 3654 2902 per
3680 2830 3868 2902 ignem

2200 2920 2512 2977 servabitur
2538 2919 2602 2977 ⁵³.

2268 3009 2398 3066 Alia
2429 3010 2671 3081 insuper
2720 3007 3004 3065 nonnulla
3052 3012 3327 3081 nugatur,
3376 3016 3430 3064 et
3479 3008 3853 3077 deblatterat,

2199 3116 2327 3173 quas
2361 3115 2435 3155 ne
2464 3098 2718 3155 scribere
2751 3097 2989 3170 quidem
3019 3097 3332 3155 honestum
3364 3098 3510 3155 mihi
3541 3099 3802 3156 videtur.

2277 3190 2390 3244 tloc
2419 3191 2614 3244 autem
2643 3187 2703 3242 in
2735 3203 2970 3243 summa
3028 3187 3342 3244 dicendum
3387 3192 3499 3257 est,
3545 3188 3857 3259 Grigenem

2198 3277 2257 3334 in
2292 3277 2551 3351 physicis
2582 3276 2985 3343 theorematis,
3017 3293 3341 3349 eorumque
3371 3276 3701 3350 allegoriis,
3738 3295 3867 3335 nec-

2200 3384 2317 3424 non
2351 3367 2412 3423 in
2441 3371 2564 3423 tota
2614 3366 2821 3422 morali
2869 3365 3182 3439 disciplina
3229 3368 3521 3424 doctorem
3576 3369 3864 3425 omnibus

2201 3455 2677 3529 acceptissimum
2710 3455 3497 3527 accommodatissimumque
3531 3457 3743 3527 fuisse,
3773 3464 3860 3514 at-

2201 3563 2316 3619 que
2346 3546 2490 3602 adeo
2516 3560 2674 3610 eum,
2707 3545 2807 3617 qui
2837 3546 3126 3602 virtutum
3158 3545 3486 3603 actionibus
3517 3562 3580 3603 se
3600 3549 3861 3605 maxime

2201 3636 2466 3694 omnium
2499 3640 2807 3692 exerceret.
2839 3634 3030 3707 Hujus
3060 3635 3216 3691 enim
3256 3636 3518 3691 exercitii
3549 3636 3747 3692 studio
3777 3636 3861 3692 vi-

2200 3731 2320 3782 tam
2353 3740 2539 3797 usque
2571 3725 2714 3780 adeo
2744 3723 3063 3792 excolebat,
3099 3730 3164 3780 ut
3210 3729 3417 3797 pectus
3461 3726 3613 3796 ejus,
3647 3742 3855 3796 quem-

2201 3815 2517 3872 admodum
2552 3813 2720 3869 aiunt
2750 3830 2865 3886 pre
2898 3812 3083 3870 nimia
3126 3813 3210 3870 rei
3264 3813 3663 3885 cujuscunque
3712 3815 3847 3868 ani-

2202 3908 2373 3959 matrs
2404 3902 2766 3959 continentia
2821 3907 2879 3959 et
2936 3902 3296 3959 abstinentia
3350 3902 3642 3959 exciderit.
3673 3905 3752 3957 At
3779 3901 3855 3959 in

2202 4010 2339 4050 vera
2369 3993 2504 4060 fide,
2559 3991 2749 4064 iisque
2792 3991 3141 4062 disciplinis,
3196 4008 3322 4062 qua:
3382 3994 3661 4063 majorem
3710 4008 3864 4049 con-

2203 4080 2669 4155 templationem,
2702 4085 2872 4152 atque
2902 4080 2963 4136 in
2996 4081 3201 4152 primis
3231 4080 3645 4154 theologicam,
3667 4081 3873 4154 requi-

2203 4176 2361 4237 runt,
2390 4170 2656 4226 omnium
2716 4174 3006 4243 quotquot
3061 4169 3230 4226 illum
3289 4176 3749 4242 praecesserunt,
3810 4176 3873 4229 et

2203 4260 2389 4318 secuti
2429 4266 2587 4328 sunt,
2618 4259 3109 4317 absurdissimum
3142 4276 3205 4316 se
3234 4260 3527 4332 praestitit.

2516 4406 2800 4460 Ilmrcseos
2826 4402 3193 4475 praecedentis
3220 4405 3543 4475 confatalia.

444 4554 718 4615 tanquam
754 4540 985 4596 vinculo
1015 4540 1210 4596 anima
1232 4545 1588 4597 coerceatur.
1615 4541 1885 4598 Animam
1919 4540 2096 4599 iidem
2127 4545 2175 4609 D
2277 4548 2764 4622 sapientissimus
2794 4549 3073 4623 Origenes
3120 4549 3450 4606 Salomonis
3500 4550 3877 4609 exhortatio.

448 4634 632 4706 ψυχὴν
666 4629 1056 4703 appellarunt,
1089 4625 1177 4682 διὰ
1228 4629 1291 4683 τὸ
1348 4626 1551 4685 ἃνωθεν
1610 4628 1952 4704 ἐψυχὲσοιιη
1988 4632 2095 4689 hoc

447 4728 557 4789 est,
581 4720 720 4793 quia
750 4720 981 4774 cmlitus
1013 4717 1300 4790 inspirata
1331 4719 1427 4787 sit,
1486 4721 1640 4791 quod
1701 4721 1931 4791 quidem
1981 4722 2093 4778 sibi

447 4828 624 4868 sacrm
655 4807 996 4865 testimonio
1028 4809 1254 4881 paginae
1305 4809 1652 4864 conﬁrmare
1693 4809 1944 4865 videtur.
1976 4815 2097 4867 Hoc

447 4902 622 4969 enim,
656 4899 963 4971 Antequam
999 4897 1466 4965 humiliarer,ego
1492 4899 1714 4969 peccavi
1741 4897 1811 4967 5°,
1845 4900 1916 4955 de
1946 4899 2093 4971 ipsa.

445 4991 641 5064 inquit
670 4988 789 5059 ille,
814 4988 1014 5045 anima
1045 4988 1269 5043 dictum
1322 4992 1412 5042 est
1459 4986 1677 5059 quippe
1707 5004 1836 5059 quae
1865 4988 1923 5043 in
1956 4989 2098 5047 coelo

444 5080 721 5155 peccarit,
764 5083 1081 5149 antequam
1129 5077 1185 5132 in
1224 5093 1466 5147 corpore
1499 5076 1927 5134 bumiliaretur.
1956 5080 2098 5136 Item

442 5174 608 5244 illud,
637 5175 988 5236 Convertere,
1038 5169 1237 5225 anima
1269 5183 1413 5236 mea,
1463 5170 1523 5223 in
1571 5170 1818 5241 requiem
1849 5176 1998 5225 tuam
2032 5171 2100 5245 ιι,

439 5266 655 5337 quippe
687 5277 815 5334 quas
848 5259 1021 5315 rebus
1054 5258 1113 5313 in
1144 5256 1256 5312 hac
1286 5257 1407 5313 vita
1457 5257 1607 5314 bene
1655 5258 1838 5330 gestis
1875 5260 1946 5314 ad
1978 5259 2101 5332 pri-

442 5356 659 5411 stinam
691 5350 949 5422 requiem
979 5349 1148 5421 quasi
1178 5346 1511 5418 postlimino
1543 5348 1780 5417 redeat;
1815 5352 1938 5406 tun:
1968 5350 2105 5421 quia

2206 4655 2340 4695 nem
2373 4640 2824 4712 parvipendens,
2856 4656 2972 4710 qua
3004 4640 3086 4694 ita
3110 4639 3461 4711 loquitur,ln
3501 4643 3873 4713 multiloquio

2203 4743 2314 4784 non
2344 4728 2518 4785 deerit
2543 4737 2830 4800 peccatum
2855 4727 2924 4795 5‘,
2962 4744 3074 4784 non
3127 4729 3375 4784 advertit
3430 4746 3515 4797 se,
3549 4731 3697 4788 dum
3736 4734 3875 4788 uni-

2205 4834 2432 4875 versam
2460 4818 2607 4891 legis
2637 4822 2694 4874 et
2730 4815 2930 4889 gratiae
2975 4816 3334 4889 Scripturam
3366 4820 3755 4892 pervestiget,
3813 4822 3874 4878 in

2208 4907 2492 4963 absurdae
2523 4906 2904 4978 cogitationes
2934 4909 2992 4963 et
3048 4906 3354 4977 opiniones
3382 4906 3683 4965 inauditas
3719 4928 3873 4983 prte-

2209 4995 2439 5067 cipitem
2473 4995 2773 5063 incidisse,
2806 4995 2924 5050 imo
2955 5011 3090 5051 vero
3119 4995 3335 5052 alicubi
3365 4996 3582 5053 divinis
3615 5000 3877 5071 dogma-

2208 5085 2284 5142 tis
2315 5086 2497 5157 impia
2523 5088 2580 5141 et
2611 5085 2857 5158 profana
2888 5083 3326 5157 permiscuisse,
3357 5089 3875 5157 quemadmodum

2210 5191 2280 5232 ex
2310 5175 2381 5230 iis
2413 5191 2537 5246 quae
2569 5191 2745 5247 supra
2778 5174 3232 5231 memoravimus
3281 5176 3467 5232 cuivis
3528 5176 3752 5234 volenti
3784 5180 3877 5236 di-

2212 5280 2372 5321 scere
2402 5262 2554 5319 licet.

2282 5352 2427 5408 Nam
2458 5353 2555 5424 qui
2587 5352 2713 5408 ﬁeri
2746 5353 2949 5423 possit,
3009 5355 3075 5409 ut
3107 5355 3337 5410 creatus
3399 5353 3496 5411 Dei
3556 5355 3752 5415 Filius
3784 5360 3883 5414 di-

510 5482 558 5516 ⁵ο
585 5479 739 5535 Psal.
772 5495 962 5544 cxvur,
993 5479 1083 5534 67.
1110 5477 1154 5512 ⁵¹
1187 5475 1338 5532 Psal.
1370 5493 1517 5548 cxiv,
1545 5478 1600 5533 7.
1679 5477 1724 5513 ⁵³
1756 5477 1778 5534 Ι
1816 5480 1941 5535 Cor.
1975 5494 2066 5547 xv,

2260 5480 2305 5516 ⁸³
2335 5482 2507 5538 lCor.
2536 5498 2624 5550 ιιι,
2657 5481 2745 5536 13,
2820 5480 2868 5515 ⁵⁸
2899 5483 3068 5550 Prov,
3100 5497 3155 5549 ι,
3190 5480 3275 5537 19.

518 5601 631 5676 (50)
667 5600 1024 5661 Platonicum
1059 5603 1272 5675 dogma
1302 5603 1372 5661 de
1404 5603 1605 5662 inferis
1630 5603 1762 5662 vide
1783 5605 1940 5678 apud
1969 5606 2144 5664 Macr.
2180 5605 2281 5662 lib.
2316 5623 2355 5677 ι,
2386 5605 2446 5665 in
2478 5608 2669 5666 Somn.
2699 5604 2848 5678 Scip.
