4090 6192
293 349 450 413 1305

1630 343 2027 406 THESAURI
2071 345 2222 407 LIB.
2280 347 2382 409 ιν.

3553 351 3708 413 1306

289 490 476 552 catur,
509 485 686 555 atque
720 479 1168 554 participatione
1202 477 1404 544 Filius,
1441 476 1938 549 quemadmodum
1974 481 2025 547 Α
2058 477 2170 550 lus,
2205 480 2303 552 qui
2335 481 2527 538 Tobiae
2567 483 2855 556 apparuit,
2915 487 2971 540 et
3027 483 3098 550 is,
3157 483 3258 556 qui
3316 483 3539 557 Virgini
3593 487 3704 542 Ave

292 575 606 648 prOpbetaa,
643 571 1024 642 reliquusque
1068 573 1400 624 sanctorum
1459 566 1812 638 catalogus?
1841 567 1941 637 qui

293 665 560 722 mutabili
594 662 767 718 etiam
822 666 1032 715 natura
1093 657 1389 731 prmditus.
1424 661 1476 713 et
1511 674 1542 713 a
1599 656 1700 712 Dei
1733 658 1944 711 natura

294 756 523 810 alienus
546 753 573 808 ‘I
603 751 703 824 qui
737 750 986 821 denique
1019 748 1203 803 Deum
1264 746 1503 802 minime
1560 745 1754 802 videre
1785 745 1945 800 diee-

295 850 388 900 tur
421 845 492 910 is,
527 842 597 896 de
627 857 743 912 quo
773 839 1028 894 Joannes
1079 836 1433 907 evangelista
1478 834 1634 890 clara
1678 850 1814 890 voce
1845 850 1945 889 ex-

295 931 568 990 clamavit
601 948 614 986 :
649 932 710 986 In
747 927 1024 1001 principio
1057 930 1174 982 erat
1211 925 1458 990 Verbum,
1483 932 1533 979 et
1567 923 1794 980 Verbum
1825 929 1946 977 erat

294 1023 440 1094 apud
474 1023 660 1089 Deum,
693 1028 744 1074 et
783 1020 920 1073 Deus
967 1021 1091 1072 erat
1141 1015 1370 1072 Verbum
1401 1014 1485 1084 ‘5;
1519 1014 1656 1069 item
1692 1029 1705 1068 :
1743 1013 1941 1082 Um'ge-

292 1116 448 1168 nitus
479 1110 673 1178 Filius,
706 1107 804 1180 qui
830 1110 907 1162 est
939 1108 994 1162 in
1025 1107 1156 1162 sinu
1186 1107 1392 1160 Patris.
1419 1103 1518 1159 ille
1545 1105 1825 1159 enarravtt
1854 1100 1945 1156 ‘5?

296 1202 431 1274 Ipse
462 1215 692 1272 quoque
727 1196 997 1253 Christus
1057 1194 1133 1250 ait
1167 1210 1180 1249 :
1214 1195 1320 1266 Ego
1343 1196 1401 1253 in
1433 1194 1616 1263 Patre,
1672 1200 1722 1247 et
1774 1197 1946 1247 Pater

295 1291 356 1347 in
387 1306 474 1346 me
502 1290 567 1345 ⁸⁷.
603 1289 742 1343 Item
780 1304 792 1342 :
829 1287 935 1351 Oui
965 1286 1116 1340 videt
1145 1301 1252 1354 me,
1283 1284 1431 1339 videt
1461 1290 1510 1339 et
1540 1284 1765 1338 Patrem
1801 1279 1871 1335 ⁵⁸.

368 1384 502 1435 Jam
531 1393 665 1434 vero
699 1375 748 1432 si
781 1391 915 1431 cum
945 1374 1116 1429 Patre
1145 1374 1203 1428 in
1259 1372 1544 1444 principio
1597 1375 1742 1439 erat,
1784 1368 1944 1425 nullo

298 1472 471 1528 modo
503 1472 767 1525 creatura
795 1469 903 1522 est.
937 1466 1219 1520 Creaturze
1253 1463 1409 1519 enim
1438 1478 1507 1518 ex
1537 1459 1723 1516 nihilo
1754 1459 1942 1526 factas,

295 1557 664 1632 temporique
690 1556 967 1628 subjectae
996 1558 1150 1610 sunt.

362 1651 541 1722 Cujus
573 1651 764 1703 autem
796 1644 1048 1702 essentia
1081 1645 1258 1710 caret,
1289 1641 1342 1698 is
1392 1638 1679 1714 principio
1711 1641 1944 1695 creatus

291 1757 408 1798 non
442 1743 552 1809 est,
587 1738 687 1794 sed
724 1753 795 1792 ne
826 1739 1038 1800 natura
1065 1732 1306 1805 quidem
1359 1729 1630 1786 mutabili
1662 1728 1942 1800 praeditus

2055 567 2217 636 dixit,
2250 571 2656 643 Zacharizequc
2682 577 3094 644 conceptarum
3143 573 3530 630 Elizabetham
3566 592 3700 646 pro-

2055 659 2347 715 nnntiavit
2375 681 2389 726 ;
2420 660 2543 732 ipse
2583 662 2836 733 denique
2881 662 3147 718 Christus
3203 663 3394 732 testis,
3430 666 3526 734 qui
3559 681 3701 735 apo-

2054 745 2235 802 stolos
2269 748 2359 804 his
2392 750 2582 806 verbis
2616 751 2934 822 increpavit
2965 768 2980 806 :
3009 752 3192 808 Sinite
3220 753 3479 824 parvulos
3509 754 3705 809 venire

2053 835 2121 890 ad
2166 853 2266 892 me.
2328 839 2520 909 Angeti
2565 841 2714 895 enim
2766 856 2954 896 eorum
3000 857 3209 913 semper
3265 842 3447 898 vident
3502 845 3701 913 [aciem

2054 928 2240 981 Putris
2269 929 2399 994 mei,
2430 929 2528 1000 qui
2554 938 2632 985 est
2666 931 2720 985 in
2753 930 2906 986 caelis
2937 930 3008 986 ⁸³.
3054 933 3198 987 Item
3235 949 3248 987 :
3285 932 3525 1003 Spiritus
3554 936 3702 988 veri-

2056 1016 2206 1084 tatis,
2238 1033 2396 1088 quem
2427 1019 2665 1074 mundus
2718 1037 2825 1076 ποθι
2875 1027 3052 1092 potest
3111 1022 3380 1092 accipere,
3422 1025 3555 1093 quia
3586 1040 3699 1077 non

2056 1108 2204 1164 videt
2229 1125 2354 1163 eum
2387 1125 2401 1164 :
2435 1112 2696 1181 quoniam
2725 1110 2872 1182 apud
2929 1127 3022 1166 vos
3077 1119 3262 1167 manet
3291 1110 3356 1165 6³.
3390 1112 3700 1169 Praeterrea

2055 1212 2158 1267 per
2199 1197 2536 1268 prophetam
2572 1215 2584 1252 :
2619 1198 2726 1269 Ego
2785 1199 3059 1255 vobiscum
3112 1217 3254 1270 sum,
3312 1200 3454 1258 dicit
3509 1202 3708 1258 Domi.

2052 1302 2156 1340 nus
2180 1285 2246 1354 6‘,
2281 1292 2337 1343 et
2367 1287 2619 1358 Spiritus
2654 1304 2841 1345 meus.

2125 1376 2348 1447 Siquis
2381 1377 2554 1432 etiam
2611 1377 2840 1436 animas
2897 1381 3239 1452 corporibus
3301 1381 3703 1455 praeexsistere

2056 1464 2232 1530 dicat,
2267 1482 2480 1537 eaSque
2517 1468 2860 1539 angelorum
2915 1477 2967 1525 et
3024 1471 3304 1526 virtutum
3364 1472 3701 1528 nominibus

2056 1553 2349 1626 dignetur,
2382 1555 2617 1626 angelos
2649 1559 2843 1613 autem
2892 1558 2950 1613 in
3000 1564 3300 1630 peccatum
3333 1561 3527 1631 lapsos
3565 1578 3701 1634 sup-

2054 1643 2212 1715 plicii
2245 1643 2368 1699 loco
2399 1643 2457 1698 in
2482 1644 2591 1701 hoc
2614 1662 2825 1718 corpus
2845 1647 3059 1703 missos
3082 1654 3303 1718 esse,ut
3333 1649 3423 1703 hic
3445 1650 3698 1721 primum

2047 1731 2338 1804 judicium
2371 1733 2599 1797 subeat,
2631 1734 2881 1806 impium
2915 1741 3066 1792 certe
3091 1736 3282 1803 fuerit,
3319 1741 3375 1792 et
3406 1739 3574 1809 primi
3607 1740 3706 1794 ho-

291 1833 402 1898 est,
435 1827 726 1900 siquidem
760 1825 819 1880 in
854 1823 1140 1896 principio
1199 1828 1342 1892 erat,
1392 1820 1776 1891 ejusdemque
1807 1834 1940 1873 cum
1975 1851 2023 1916 B
2056 1821 2233 1878 minis
2264 1823 2543 1879 creationi
2575 1841 2931 1897 repugnans.
2966 1825 3145 1881 Vetus
3194 1826 3349 1881 enim
3384 1828 3707 1898 eademque

293 1923 464 1975 Patre
493 1916 861 1983 substantiae,
896 1913 1140 1968 diversae
1175 1929 1307 1966 vero
1364 1925 1761 1982 nequaquam.
1795 1910 1944 1974 Quo-

296 2008 468 2065 modo
496 2006 654 2062 enim
686 2002 1058 2076 Unigenitus,
1099 2001 1391 2073 quomodo
1452 2001 1627 2054 etiam
1689 1996 1948 2070 paternis

296 2103 355 2155 et
388 2097 621 2154 sinibus
654 2091 1108 2166 inseparabilis?
1138 2092 1282 2146 Eum
1314 2089 1470 2145 enim
1511 2089 1682 2143 Pater
1711 2087 1868 2159 apud
1889 2101 1950 2144 se

298 2203 537 2244 manere
568 2200 871 2256 nunquam
933 2180 1320 2254 permisisset,
1381 2179 1482 2250 qui
1541 2177 1778 2233 diversae
1824 2193 1858 2233 a
1890 2191 1951 2231 se

297 2274 643 2333 substantiae
675 2273 900 2342 fuisset,
937 2271 1029 2326 hie
1060 2276 1252 2325 autem
1297 2267 1561 2339 ejusdem
1604 2283 1738 2322 cum
1783 2265 1953 2321 Patre

299 2366 644 2425 substantia:
675 2369 784 2430 est,
818 2368 1029 2419 natura
1050 2359 1405 2416 immutabili
1439 2358 1734 2432 praeditus,
1756 2373 1956 2430 quem-

301 2458 622 2514 admodum
653 2459 710 2510 et
740 2453 856 2509 ille.

372 2547 482 2612 Qui
515 2545 641 2602 ﬁeri
673 2548 954 2617 praeterea
983 2545 1190 2614 potest,
1239 2543 1304 2596 ut
1332 2537 1644 2595 invisibilis
1675 2538 1752 2594 sit
1789 2538 1956 2594 Pater

302 2637 472 2703 Filio,
505 2636 676 2706 cujus
705 2634 826 2689 haec
857 2633 1028 2688 verba
1086 2630 1364 2702 leguntur
1397 2647 1411 2686 :
1443 2630 1613 2685 Nemo
1652 2630 1804 2683 novit
1847 2629 1954 2682 Pa-

306 2733 446 2783 trem
480 2725 594 2782 nisi
625 2723 821 2794 Filius,
852 2732 903 2778 et
933 2722 982 2778 is
1012 2720 1105 2777 cui
1150 2721 1385 2776 voluerit
1414 2719 1589 2775 Filius
1620 2718 1860 2774 revelare
1890 2717 1952 2784 5°,

305 2817 404 2890 qui
439 2815 594 2871 Patri
627 2819 952 2870 coaeternus
984 2814 1205 2879 est,nec
1235 2809 1339 2866 ulli
1374 2809 1659 2880 principio
1691 2808 1958 2879 subiacet

305 2923 440 2978 quae
471 2921 564 2960 res
593 2904 654 2959 in
696 2919 877 2958 causa
935 2905 1049 2968 est,
1109 2899 1262 2970 quod
1317 2899 1641 2970 ignoretur,
1698 2914 1801 2953 nec
1857 2913 1956 2952 as-

309 2994 613 3067 pectabilis
640 2993 734 3047 sit.
767 2992 899 3048 Jam
930 2990 1028 3061 qui
1062 2988 1186 3044 fieri
1234 2992 1444 3061 potest,
1496 2993 1562 3043 ut
1621 3003 1682 3044 se
1715 2985 1957 3042 minime

309 3085 466 3141 uorit
493 3084 709 3154 ipsum,
743 3082 842 3153 qui
871 3079 1001 3136 aliis
1035 3077 1383 3152 cognitionis
1412 3082 1614 3134 auctor
1643 3076 1780 3132 est?

382 3174 644 3237 Quanam
679 3187 805 3226 vero
840 3169 1065 3225 ratione
1098 3185 1131 3223 a
1186 3167 1401 3238 Spiritu
1463 3180 1697 3238 quoque
1753 3168 1954 3220 sancto

306 3262 522 3318 Filium
555 3260 792 3318 minime
849 3258 1031 3314 videri
1089 3258 1221 3329 quis
1280 3256 1613 3322 contendat,
1649 3271 1779 3310 cum
1813 3253 1950 3308 sub-

307 3353 527 3409 stantia
557 3351 654 3420 sit,
706 3367 830 3421 qute
873 3348 996 3404 solo
1048 3346 1344 3402 intellectu
1397 3345 1737 3417 percipitur,
1772 3358 1956 3413 eaque

307 3441 559 3509 inﬁnita,
593 3440 637 3495 si
667 3439 817 3494 vires
847 3435 1246 3508 eXpendamus
1282 3451 1295 3490 :
1329 3434 1954 3504 substantia,inquam,

307 3530 669 3602 temporibus
699 3533 755 3584 et
785 3527 1016 3584 saeculis
1043 3526 1356 3594 immensa,
1397 3541 1515 3596 qua
1540 3525 1772 3580 abunde
1803 3524 1958 3578 bona

308 3622 423 3680 sibi
454 3621 632 3676 insita
662 3619 929 3690 largitur,
980 3617 1030 3671 is
1063 3615 1336 3687 denique,
1390 3631 1560 3686 quem
1615 3612 1813 3669 omnia
1842 3613 1956 3669 sibi

307 3714 610 3782 expetunt,
644 3724 769 3778 quae
801 3706 983 3762 vitam
1018 3722 1086 3761 ex
1119 3704 1456 3776 praescripto
1512 3703 1742 3761 virtutis
1797 3703 1958 3759 insti-

313 3803 530 3865 tuunt;
567 3797 638 3852 ad
679 3811 852 3867 quem
913 3793 1092 3849 etiam
1148 3797 1356 3848 cuncta
1408 3792 1776 3864 confugiunt,
1832 3808 1956 3863 quas

307 3885 765 3945 nnctiticatione
796 3882 1138 3954 indigent,is
1168 3897 1237 3938 ex
1267 3897 1382 3953 quo
1415 3886 1754 3938 creterorum
1778 3881 1960 3935 omni-

308 3995 413 4035 um
448 3974 724 4048 perfectio
769 3972 1075 4044 dependet,
1123 3971 1174 4026 is
1225 3971 1324 4042 qui
1369 3971 1532 4026 nulla
1586 3971 1645 4026 in
1678 3987 1736 4026 re
1767 3969 1961 4026 deﬁcit

309 4068 409 4138 qui
439 4065 624 4121 vitam
657 4060 1012 4133 suppeditat,
1065 4061 1165 4132 qui
1215 4060 1512 4114 additione
1565 4075 1673 4114 non
1709 4059 1958 4130 complc-

310 4167 426 4227 tur,
461 4155 559 4211 sed
594 4167 825 4224 semper
857 4151 1104 4223 plenus;
1139 4164 1242 4204 nec
1279 4149 1473 4203 minus
1505 4165 1681 4218 quam
1715 4153 1883 4203 Pater
1901 4152 1957 4202 et

308 4246 491 4303 Filius
523 4242 806 4315 principio
838 4257 1066 4307 carens,
1098 4243 1153 4294 et
1185 4244 1506 4293 coaeternus
1563 4241 1673 4303 est,
1731 4237 1955 4293 divina-

310 4352 425 4410 que
456 4333 812 4390 charismata
844 4328 1069 4396 dividit,
1103 4332 1159 4383 et
1209 4326 1462 4398 singulis
1517 4341 1620 4398 pro
1679 4326 1959 4400 dignitate

307 4434 595 4497 tanquam
633 4425 784 4477 Deus
807 4418 1129 4486 distribuit,
1158 4421 1330 4488 prout
1359 4415 1486 4471 vult
1516 4432 1528 4471 :
1568 4417 1720 4487 quod
1754 4418 1962 4474 Petrus

308 4514 489 4572 etiam
524 4513 594 4567 iis
623 4514 933 4566 attestatus
964 4512 1070 4574 est,
1099 4523 1223 4578 quas
1254 4505 1552 4577 Sapphira:
1588 4505 1731 4560 dixit
1763 4522 1776 4561 :
1812 4507 1958 4571 Quid

309 4606 515 4678 utique
544 4603 814 4660 convenit
862 4599 1026 4655 vobis
1075 4602 1299 4654 tentare
1351 4597 1632 4670 Spiritum
1683 4599 1961 4655 Domini?
1996 4586 2038 4650 D

309 4699 439 4753 Non
475 4696 692 4752 mentiti
721 4693 848 4749 eatis
878 4689 1334 4757 Itominibns,.se(1
1364 4689 1468 4744 Deo
1503 4687 1574 4744 ⁸ο.

385 4787 667 4842 Caeterum
702 4780 941 4853 angelos
971 4779 1140 4834 etiam
1199 4777 1453 4832 divinam
1488 4786 1547 4833 et
1602 4777 1954 4834 ineffabilem

306 4893 487 4948 super
510 4871 914 4930 substantialis
936 4868 1260 4924 divinitatis
1286 4867 1780 4939 pulchritudinem
1807 4868 1964 4925 velut

307 4968 373 5022 in
407 4962 644 5036 speculo
677 4957 1055 5030 contemplari
1081 4957 1253 5026 juxta
1287 4958 1716 5028 proportionem
1750 4974 1962 5029 prmro-

305 5056 544 5129 gativzc,
604 5068 731 5124 qua)
791 5049 944 5104 inter
1001 5046 1133 5102 illos
1192 5050 1304 5108 est,
1365 5050 1422 5102 et
1477 5047 1962 5103 sanctificationis

307 5145 580 5208 modum,
614 5157 790 5213 quam
824 5157 857 5192 a
886 5137 1106 5208 Spiritu
1141 5140 1344 5192 sancto
1377 5135 1612 5201 habent,
1646 5153 1749 5192 nec
1771 5135 1965 5193 homi-

310 5251 457 5291 num
491 5231 689 5288 oculos
723 5243 959 5300 prorsus
1001 5227 1274 5298 etl‘ugere.
1326 5225 1495 5281 testis
1523 5231 1614 5281 est
1643 5226 1744 5281 illa
1775 5227 1961 5282 Abra-

307 5326 448 5380 ham
481 5320 876 5393 hospitalitas,
910 5316 1072 5373 testis
1103 5315 1225 5370 haec
1259 5315 1501 5371 Monomi
1533 5315 1738 5382 oratio,
1782 5319 1966 5374 Morte

305 5414 637 5476 moriemur,
671 5410 801 5481 quia
830 5405 1068 5461 vidimus
1123 5403 1418 5460 Dominum
1443 5404 1523 5473 6‘;
1557 5405 1722 5461 testis
1782 5423 1962 5479 ange-

381 5541 427 5577 ⁸³
451 5539 620 5595 Joan.
648 5555 688 5592 ι.
720 5540 771 5590 i.
875 5534 919 5568 ⁸⁸
951 5533 1101 5588 Ibid.
1139 5532 1222 5585 18.
1328 5531 1370 5567 ⁵⁷
1409 5531 1577 5587 Joan.
1613 5549 1726 5599 xxv,
1763 5535 1847 5588 10.

304 5629 437 5681 xm,
467 5613 558 5668 22.
663 5608 710 5644 δ’
745 5606 946 5666 Matth.
978 5621 1094 5674 xxx,
1131 5604 1228 5670 iii;
1261 5619 1423 5673 xvut,
1460 5604 1543 5659 10.

308 5702 463 5756 cxtv,
495 5688 550 5740 '7.

1950 5534 1998 5569 53
2029 5535 2177 5590 lbid.
2211 5538 2265 5591 9.

1652 5603 1698 5639 ⁵³
1723 5605 1888 5663 Joan.
1923 5623 2037 5674 xxv,
2072 5609 2156 5666 17.

2062 1910 2258 1968 divina
2288 1913 2584 1984 Scriptura
2634 1930 2741 1969 nos
2787 1915 2974 1983 docet,
3025 1915 3520 1984 quemadmodum
3554 1917 3708 1971 Ada-

2061 2023 2196 2062 mus
2228 2021 2256 2060 e
2288 2005 2424 2060 limo
2458 2006 2743 2061 formatus
2775 2005 3236 2061 insulflationem
3265 2007 3525 2061 divinam
3556 2006 3614 2062 in
3636 2007 3713 2061 ta-

2069 2098 2155 2155 cie
2186 2113 2292 2153 sua
2349 2094 2631 2151 divinitus
2687 2095 2997 2167 exceperit,
3057 2112 3181 2166 quae
3237 2095 3556 2150 etiamnum
3619 2112 3710 2149 ra-

2063 2189 2238 2245 tionis
2292 2190 2348 2243 et
2406 2185 2737 2243 intellectus
2799 2185 3091 2258 particeps
3151 2185 3347 2240 anima
3401 2183 3620 2239 dicitur
3679 2201 3712 2239 a

2065 2278 2253 2335 nobis.

2136 2368 2413 2440 Origenes
2445 2383 2617 2440 porro
2650 2383 2782 2422 cum
2825 2366 3154 2422 animarum
3191 2363 3707 2438 praexsistentiam

1976 2506 1983 2512 .
2063 2458 2401 2525 introducit,
2434 2461 2512 2526 et,
2543 2458 2693 2528 quod
2730 2456 3220 2513 absurdissimum
3269 2464 3374 2526 est,
3408 2473 3508 2512 eas
3539 2471 3714 2527 ange-

2068 2549 2156 2604 los
2186 2564 2313 2604 esse
2341 2547 2498 2614 dicit,
2535 2547 2634 2617 qui
2679 2551 2912 2618 peccato
2965 2545 3112 2617 lapsi
3169 2545 3410 2612 fuerint,
3446 2544 3504 2599 in
3535 2544 3714 2614 hujus

2069 2638 2149 2694 rei
2181 2637 2687 2694 confirmationem
2720 2635 2838 2690 haec
2869 2635 3143 2690 Davidica
3173 2636 3472 2707 proferens
3507 2650 3520 2688 :
3556 2638 3718 2688 Prius

2069 2744 2234 2801 quam
2264 2725 2620 2793 humitiarer,
2665 2741 2761 2793 ego
2808 2726 3030 2796 peccavi
3058 2724 3141 2794 65;
3176 2724 3337 2789 item,
3373 2723 3716 2788 Convertere,

2070 2817 2267 2874 anima
2292 2833 2430 2884 mea,
2466 2816 2527 2871 in
2559 2815 2803 2888 requiem
2859 2823 3012 2870 tuam
3041 2813 3108 2882 6⁸,
3161 2813 3446 2884 judicium
3500 2813 3716 2867 daemo-

2073 2923 2211 2961 num
2243 2904 2567 2960 introducit
2592 2908 2728 2959 ante
2750 2911 3006 2975 tempus,
3037 2918 3254 2973 eosque
3286 2900 3558 2973 supplicii
3590 2899 3713 2955 loco

2072 2995 2131 3050 in
2165 3010 2403 3065 corpore
2442 2993 2806 3049 introductos
2864 3009 2992 3048 esse
3051 2991 3212 3060 dicit,
3271 2991 3426 3062 quod
3483 2989 3716 3060 quidem

2067 3083 2360 3156 judicium
2392 3081 2799 3138 determinavit
2833 3081 3003 3146 Deus,
3056 3085 3122 3135 ut
3174 3079 3386 3135 Paulus
3419 3077 3720 3149 apostolus

2073 3176 2174 3240 ait,
2208 3189 2312 3228 nec
2345 3172 2447 3227 ulli
2483 3177 2675 3226 tamen
2726 3172 2784 3225 in
2838 3170 2997 3225 hunc
3047 3185 3234 3241 usque
3291 3168 3445 3223 diem
3480 3166 3718 3234 intulit;

2068 3262 2186 3318 imo
2218 3277 2352 3317 vero
2383 3261 2442 3316 in
2477 3264 2846 3316 mortuorum
2883 3259 3389 3326 resurrectionem,
3423 3257 3718 3326 totiusque

2067 3354 2271 3409 mundi
2331 3352 2893 3409 consummationem
2968 3350 3482 3418 reservavitzquo
3542 3347 3720 3402 etiam

2065 3448 2327 3513 tempore
2359 3441 2655 3496 daemones
2689 3441 2746 3494 in
2794 3441 2986 3511 ignem
3045 3437 3386 3494 exteriorem
3450 3435 3721 3503 abibunt,

2066 3531 2168 3603 qui
2198 3530 2284 3586 eis
2313 3545 2632 3599 eorumque
2665 3527 2937 3599 praelecto
2971 3531 3329 3600 praeparatus
3363 3531 3474 3592 est,
3507 3538 3724 3593 eosque

2067 3620 2208 3676 adeo
2240 3618 2499 3674 damnati
2537 3618 2803 3674 homines
2834 3616 3292 3684 comitabuntur,
3333 3618 3570 3685 propter
3596 3611 3723 3666 illa,

2068 3727 2197 3783 quae
2226 3710 2286 3766 in
2318 3711 2437 3766 vita
2467 3713 2672 3765 contra
2697 3709 2794 3779 jus
2827 3712 2882 3762 et
2914 3723 3144 3778 aequum
3179 3706 3566 3761 admiserunt.

2139 3799 2416 3872 Origenes
2455 3816 2591 3870 ergo
2641 3796 2958 3862 fabulatur,
3010 3797 3149 3850 dum
3200 3793 3428 3848 animas
3479 3789 3717 3862 angelos

2067 3907 2199 3948 esse
2231 3892 2466 3962 peccato
2497 3887 2694 3958 lapsos
2731 3885 3051 3956 existimat,
3105 3898 3350 3955 quarum
3386 3880 3719 3936 substantia

2068 3997 2137 4036 ex
2164 3979 2361 4034 divina
2389 3977 2788 4032 insufflatione
2819 3975 3163 4046 dependeat.

2139 4067 2247 4133 Qui
2281 4067 2405 4121 ﬁeri
2466 4066 2639 4121 etiam
2697 4069 2908 4137 potest,
2969 4068 3034 4118 ut
3091 4061 3361 4118 Christus
3399 4076 3612 4132 corpus
3645 4075 3716 4115 ex

2069 4156 2458 4228 sanguinibus
2488 4155 2766 4227 virgineis
2793 4156 3183 4226 compactum,
3215 4151 3591 4222 animamque
3623 4167 3712 4206 ra-

2069 4247 2242 4303 tionis
2271 4250 2328 4301 et
2361 4244 2692 4300 intellectus
2724 4243 3066 4315 participem
3099 4256 3402 4298 assumere
3443 4240 3717 4311 dignatus

2071 4337 2168 4405 sit,
2202 4335 2251 4391 si
2279 4335 2485 4390 animos
2520 4351 2622 4405 pro
2653 4334 3020 4389 daemonibus
3043 4335 3277 4404 peccato
3298 4330 3474 4402 lapsis
3499 4331 3718 4385 haben-

2072 4426 2157 4481 dtB
2189 4425 2349 4480 sint?
2377 4423 2665 4493 Christus,
2700 4423 3071 4494 iuquam,qui
3104 4423 3161 4476 in
3197 4421 3478 4476 mundum
3505 4419 3716 4475 idcirco

2071 4515 2247 4583 venit,
2283 4517 2348 4570 ut
2378 4515 2707 4569 daemonum
2740 4512 3047 4583 imperium
3080 4513 3424 4578 destrueret,
3454 4526 3714 4565 commu-

2071 4619 2321 4675 nemque
2353 4603 2584 4674 generis
2619 4602 2861 4657 bumani
2915 4601 3162 4657 salutem
3222 4603 3576 4673 procuraret.
3612 4596 3714 4652 illi.

2069 4711 2240 4767 porro
2274 4694 2606 4748 animarum
2641 4691 3121 4766 praeexsistentia,
3168 4707 3345 4763 quam
3377 4689 3716 4760 introducit,

2071 4783 2401 4838 Graecorum
2435 4781 2830 4838 tabulamenta
2861 4782 3100 4838 redolet.

2143 4873 2322 4929 Grteci
2355 4873 2532 4938 enim,
2568 4873 2795 4928 animas
2856 4871 3255 4943 prmexsistere
3284 4871 3415 4940 rati,
3450 4887 3547 4926 eas
3582 4886 3718 4941 pec-

2077 4967 2205 5018 cato
2238 4962 2518 5018 obnoxias
2551 4979 2678 5017 esse
2709 4962 2999 5027 dicebant,
3057 4978 3184 5031 quae
3216 4977 3348 5015 cum
3409 4959 3520 5014 alio
3554 4959 3721 5014 modo

2071 5052 2315 5108 detersis
2351 5051 2596 5107 maculis
2627 5056 2685 5107 et
2715 5051 3009 5117 sordibus,
3051 5050 3262 5122 quibus
3285 5049 3719 5112 inﬁciebautur,

2071 5141 2402 5214 expurgari,
2435 5141 2506 5195 ad
2540 5139 2965 5211 pristinamque
3016 5137 3331 5210 puritatem
3381 5138 3570 5193 redire
3602 5155 3718 5192 non

2074 5237 2332 5301 possent,
2365 5228 2580 5284 idcirco
2612 5228 2952 5298 corporibus
2978 5227 3444 5295 infunderentur,
3477 5242 3722 5298 quaeque

2073 5320 2213 5374 adeo
2245 5318 2584 5390 expiatoriis
2615 5318 2933 5372 virtutibus
2975 5334 3088 5371 non
3145 5317 3548 5383 abuterentur,
3582 5332 3658 5372 eae
3693 5334 3726 5371 a

2073 5408 2419 5480 corporibus
2472 5407 2738 5463 resolutas
2800 5406 3104 5478 pristinam
3163 5406 3500 5479 puritatem,
3533 5406 3727 5462 since-

2369 5533 2418 5567 5°
2450 5533 2654 5588 Matth.
2688 5551 2764 5588 x1.
2798 5534 2887 5587 27.
2995 5531 3042 5566 ⁶⁰
3071 5535 3196 5588 Act.
3223 5551 3276 5600 ν,
3304 5535 3355 5589 4.
3460 5535 3502 5570 ⁶¹
3532 5536 3732 5591 Judic.

2261 5607 2307 5642 ⁸⁸
2336 5606 2454 5664 Jer.
2489 5623 2623 5677 χιιι,
2658 5607 2741 5662 11.
2846 5605 2894 5638 6⁵
2919 5606 3067 5664 Psal.
3105 5622 3260 5675 cvm,
3297 5607 3382 5662 40.
3489 5607 3535 5643 ⁵⁵
3566 5608 3720 5666 Psal.
