4090 6192
379 351 529 416 1307

1693 351 2002 415 NICETJE
2045 351 2474 412 ΟΗΟΝΙΑΤΑΞ

3633 345 3785 407 1308

375 503 621 559 rumque
651 487 894 544 nitorem
928 486 1118 542 denuo
1149 486 1492 557 reciperent,
1527 485 1868 557 caaterisque
1890 483 2018 539 ani-
2046 489 2099 556 Α
2198 487 2270 538 At
2300 500 2431 539 vero
2465 482 2732 538 curiosus
2762 480 2858 538 hic
2901 480 3097 546 homo,
3150 479 3628 552 subtilitatisque
3663 484 3790 533 stu-

377 578 490 632 mis
518 577 714 632 statim
753 595 784 632 a
817 577 1004 632 reditu
1040 577 1578 645 commiscerentur,
1615 592 1739 646 qum
1771 574 2024 645 corpori-

376 667 488 721 bus
519 665 680 720 nullo
713 683 772 720 se
804 666 975 721 modo
1006 666 1476 733 coniunxissent,
1539 681 1664 736 qum
1721 680 1852 719 vero
1886 662 2027 718 alie-

375 764 572 810 ctuum
589 754 940 826 corruptioni
958 755 1346 825 obsequentes
1374 754 1662 826 propriam
1681 752 2026 822 dignitatem

374 845 601 900 irritam
631 849 688 900 et
718 844 982 900 inutilem
1037 845 1364 913 redderent,
1418 842 1757 913 similesque
1789 842 2027 912 speculo

377 953 438 990 se
471 939 833 1005 praestarent,
868 952 900 988 a
931 951 1044 1006 quo
1079 934 1233 988 levor
1263 932 1362 987 ille
1396 949 1576 1003 purus
1613 937 1668 986 et
1700 929 2029 1001 pellucidus

378 1024 546 1092 absit,
581 1040 656 1078 ere
690 1025 788 1078 ubi
822 1023 1074 1093 primum
1108 1039 1140 1078 a
1189 1038 1430 1093 corpore
1483 1021 1725 1086 exirent,
1760 1020 1819 1075 in
1851 1019 2029 1074 chaos

378 1118 436 1168 et
465 1113 714 1168 Erebum
751 1112 1073 1184 praecipites
1101 1111 1398 1165 darentur.

450 1206 667 1256 Horum
718 1218 889 1272 porro
937 1201 1268 1268 verborum,
1316 1201 1480 1254 Prius
1531 1216 1694 1270 quam
1762 1197 2031 1253 humilia-

380 1306 487 1346 rer.
521 1307 615 1362 ego
644 1291 860 1362 peccavi
895 1310 913 1346 :
945 1291 1106 1355 item,
1151 1291 1500 1356 Convertere,
1553 1289 1744 1343 anima
1795 1304 1937 1353 mea»,
1971 1289 2030 1341 in

381 1380 632 1450 requiem
681 1383 835 1436 tuam
894 1381 986 1436 hic
1044 1384 1134 1434 est
1169 1397 1399 1448 sensus,
1435 1384 1498 1434 ut
1529 1379 1620 1434 his
1677 1378 1869 1433 verbis
1929 1376 2033 1432 sei-

380 1487 554 1541 psum
586 1475 745 1525 vates
777 1470 1280 1535 commonefaciat,
1323 1485 1509 1540 eaque
1556 1468 1614 1522 in
1652 1475 1906 1522 mentem
1941 1481 2032 1520 re-

379 1565 562 1625 vocet,
597 1577 720 1631 qua:
754 1561 810 1614 in
862 1559 1059 1614 Uriam
1110 1557 1384 1613 scelerate
1438 1558 1756 1613 admodum
1793 1555 2036 1611 commi-

381 1657 535 1704 serat
569 1665 581 1703 :
619 1648 1073 1704 humiliationem
1099 1664 1201 1703 seu
1221 1647 1605 1717 abjectionem
1629 1662 1729 1717 pro
1753 1644 1910 1715 turpi
1932 1646 2035 1699 de-

381 1738 610 1804 decore,
645 1738 796 1808 quod
840 1738 896 1791 in
958 1753 1090 1792 eum
1150 1736 1286 1791 inde
1345 1737 1782 1804 redundaverat,
1818 1733 2036 1804 illoque

2133 573 2332 628 diosus
2366 575 2496 642 plus
2527 588 2705 644 quam
2763 572 2905 627 satis
2962 577 3073 638 est,
3135 570 3257 626 hinc
3315 573 3455 624 tunc
3517 571 3792 624 elocutus

2131 662 2276 719 mihi
2306 662 2551 729 videtur,
2585 678 2718 717 cum
2751 678 2819 716 ex
2851 660 3161 716 Platonicis
3211 660 3462 731 placitis,
3499 658 3790 713 aliorum-

2131 768 2243 821 que
2301 751 2806 822 philosophorum,
2867 767 3114 820 quorum
3204 749 3453 804 lectione
3516 747 3787 802 animum

2131 857 2304 896 suum
2339 841 2554 896 teneris
2587 842 2656 896 ab
2690 841 2860 895 annis
2891 838 3545 904 excoluerat,coutraria
3569 846 3791 892 nostrae

2133 931 2263 985 ﬁdei
2295 931 2568 1002 dogmata
2599 930 2920 997 hausisset,
2951 936 3006 986 et
3037 932 3107 985 ad
3141 930 3471 986 satietatem
3509 929 3787 983 bibisset.

2133 1019 2424 1075 ldolorum
2458 1021 2614 1076 enim
2646 1037 2860 1092 genera
2891 1020 3005 1074 duo
3056 1019 3155 1074 uni
3209 1019 3520 1089 eidemque
3572 1020 3787 1072 anime

2135 1107 2374 1163 rationis
2406 1109 2670 1180 participi
2704 1109 2882 1164 Graeci
2927 1112 3218 1174 attexunt,
3250 1124 3505 1178 quorum
3537 1108 3793 1162 alterum

2131 1197 2214 1251 illi
2247 1198 2318 1252 ab
2350 1206 2562 1253 salerno
2595 1200 2865 1264 cohaeret,
2897 1199 2966 1253 ab
2999 1198 3235 1269 illisque
3275 1198 3542 1252 divinum
3577 1213 3790 1268 corpus

2133 1292 2189 1342 et
2245 1285 2609 1343 luminosum
2667 1287 2902 1352 dicitur,
2951 1287 3200 1342 alterum
3287 1303 3417 1342 vero
3507 1287 3788 1355 crassius,

2135 1376 2290 1448 quod
2321 1393 2389 1431 ex
2417 1381 2707 1432 astrorum
2742 1376 3146 1447 dispositione,
3203 1380 3267 1430 ut
3318 1375 3509 1444 aiunt,
3544 1375 3792 1430 insitum

2134 1467 2321 1522 eidem
2359 1476 2462 1522 est.
2495 1470 2686 1538 Atque
2715 1467 2852 1524 huic
2882 1466 3140 1522 secundo
3176 1464 3330 1521 idolo
3362 1482 3578 1521 nomen
3610 1466 3798 1537 impo-

2137 1560 2303 1622 nunt,
2339 1557 2665 1627 animasque
2695 1549 2921 1611 idolum
2953 1556 3198 1611 rationis
3229 1571 3436 1627 expers
3468 1554 3797 1628 appellant,

2137 1645 2415 1718 opinandi
2449 1645 2502 1699 vi
2535 1645 2864 1717 praeditum,
2910 1645 3385 1716 imaginativum,
3415 1644 3794 1704 sensitivum,

2138 1733 2530 1806 generationis
2587 1739 2891 1807 appetens,
2923 1751 3150 1790 necnon
3207 1750 3412 1790 eorum
3445 1749 3574 1805 quae
3604 1749 3789 1804 gene-

383 1828 689 1883 seditionis
722 1827 1000 1896 tumultu,
1035 1844 1150 1899 quo
1201 1827 1403 1883 eadem
1446 1827 1516 1882 de
1547 1844 1725 1882 causa
1755 1827 1824 1882 ab
1854 1826 2032 1881 Achi-
2066 1843 2111 1907 Β
2142 1823 2349 1880 rationi
2385 1824 2793 1894 subjiciuntur.
2825 1824 2950 1881 Non
2986 1823 3144 1879 enim
3189 1823 3291 1878 uni
3321 1823 3629 1894 eidemque
3661 1824 3792 1878 ani-

383 1917 622 1989 tophele
654 1923 710 1972 et
744 1917 1035 1973 Absalone
1091 1919 1279 1971 fuerat
1338 1917 1662 1988 impetitus,
1722 1918 2037 1972 subsecuta

385 2007 639 2078 denique
672 2007 741 2060 ab
774 2006 1018 2078 imperio
1051 2006 1481 2073 deturbatiune,
1532 2023 1753 2062 necnon
1792 2004 2040 2077 ignomi-

388 2096 556 2153 niosa
588 2097 760 2167 regiis
790 2113 858 2152 ex
904 2097 1128 2153 aedibus
1181 2099 1336 2169 fuga,
1382 2098 1833 2170 solitudinisque
1881 2097 2042 2154 habi-

384 2187 603 2242 tatione
637 2186 1460 2257 usurpans,quemadmodum
1491 2187 1602 2242 alio
1621 2188 1796 2242 etiam
1831 2187 1889 2240 in
1913 2187 2037 2242 loco

385 2275 641 2346 psallens
677 2277 785 2331 Deo
820 2277 1118 2346 proﬁtetur
1149 2294 1162 2332 :
1205 2277 1356 2345 Dixi,
1381 2277 1696 2346 Conﬁtebor
1725 2276 2016 2332 adversum

385 2379 473 2418 me
521 2366 852 2431 iniustitiam
913 2381 1092 2419 meum
1159 2364 1501 2432 Domino";
1599 2366 1760 2432 item,
1825 2368 2040 2420 Bonum

386 2459 465 2508 est
493 2452 657 2519 mihi,
690 2453 829 2524 quod
861 2454 1252 2509 humiliaveris
1284 2471 1390 2520 me,
1442 2462 1494 2509 el
1521 2470 1625 2525 per
1654 2456 1836 2509 exitus
1869 2470 2040 2525 aqua-

386 2558 508 2596 rum
540 2541 779 2597 demersi
807 2551 931 2596 sunt
960 2543 1106 2597 oculi
1134 2545 1241 2598 mei
1271 2560 1283 2596 :
1313 2544 1446 2614 quia
1483 2559 1589 2597 non
1619 2544 1834 2598 servavi
1867 2543 2039 2609 legem

388 2639 542 2685 luam
570 2631 634 2684 ⁸⁸.
670 2631 893 2696 Quibus
923 2631 1199 2688 omnibus
1247 2633 1635 2703 promulgatio
1685 2631 1950 2702 quaedam
1985 2635 2041 2685 et

392 2719 709 2774 recantatio
741 2722 1076 2775 continetur
1106 2721 1231 2791 ejus
1265 2737 1438 2792 quem
1473 2725 1874 2776 anteactorum
1909 2737 2036 2775 ma-

387 2807 576 2864 lorum
606 2811 866 2881 pmnitet,
926 2810 1147 2881 quique
1199 2827 1331 2864 cum
1394 2811 1628 2881 propria
1685 2809 2042 2881 colloquitur

385 2899 579 2954 anima
610 2904 667 2954 et
696 2916 823 2954 eam
859 2901 929 2954 ad
965 2901 1184 2971 gratias
1235 2899 1492 2970 agendas
1543 2900 1898 2967 exhortatur,
1934 2916 2036 2971 pro

384 2988 706 3053 beneficiis,
741 3005 868 3058 quae
902 2993 1028 3043 tum
1065 2989 1340 3059 percepit,
1395 3005 1528 3043 cum
1564 2989 1802 3044 meritas
1833 3005 2036 3060 pmnas

388 3092 588 3130 eorum
625 3077 857 3130 nomine
890 3094 1002 3132 non
1037 3077 1214 3143 dedit,
1263 3095 1385 3148 quae
1420 3078 1474 3132 in
1523 3077 1706 3132 Deum
1744 3083 2039 3132 contume-

2145 1913 2222 1967 mi
2253 1919 2495 1981 naturae,
2531 1914 2705 1968 unius
2735 1913 3303 1984 contemplationem,
3355 1913 3573 1983 primas
3608 1911 3799 1967 notio-

2147 2019 2270 2070 nes,
2329 2003 2650 2074 exquisitas
2717 2003 3014 2069 scientias,
3101 2019 3375 2059 erroneas
3461 2001 3796 2072 opiniones,

2143 2109 2344 2149 eorum
2379 2110 2505 2164 quas
2536 2093 2803 2149 sensibus
2857 2093 3217 2163 objiciuntur
3267 2091 3797 2164 apprehensiones,

2137 2182 2690 2254 imaginativamque
2722 2183 3057 2238 facultatem
3090 2182 3381 2246 tribuunt,
3426 2181 3531 2237 sed
3567 2181 3622 2236 ei
3653 2181 3788 2252 qui-

2143 2271 2275 2326 dem
2309 2272 2480 2343 parti,
2515 2288 2642 2343 quae
2687 2271 2934 2327 rationis
2989 2275 3077 2325 est
3132 2271 3444 2341 particeps,
3509 2276 3798 2342 praeten-

2145 2361 2312 2431 tiora,
2346 2361 2396 2416 ei
2425 2377 2586 2427 vero,
2619 2378 2749 2432 quas
2779 2361 3003 2416 ratione
3035 2365 3213 2425 caret,
3245 2377 3313 2415 ea
3341 2377 3472 2432 qua:
3506 2361 3798 2415 deteriora

2144 2458 2276 2505 sunt
2311 2450 2635 2522 assignant,
2697 2467 2812 2506 non
2867 2465 2932 2505 eo
2964 2450 3201 2521 quidem
3261 2450 3480 2516 animo,
3542 2457 3609 2504 ut
3666 2450 3804 2504 inde

2147 2541 2407 2595 maculas
2438 2540 2590 2594 ullas
2623 2544 2722 2594 aut
2747 2526 2992 2594 dedecus
3025 2539 3211 2594 ullum
3261 2538 3540 2593 diviniori
3576 2546 3802 2594 natura

2143 2628 2418 2700 irrogent,
2453 2629 2551 2683 sed
2587 2633 2651 2683 ut
2683 2643 2813 2682 cum
2848 2628 2946 2681 illa
2969 2627 3314 2682 necessariis
3348 2629 3663 2699 perfuncta
3688 2630 3807 2681 fue-

2144 2718 2221 2772 rit
2249 2718 2612 2785 muneribus,
2662 2718 2780 2773 haec
2811 2719 2878 2772 ad
2940 2735 3007 2773 ea
3042 2734 3104 2773 se
3133 2719 3415 2772 duntaxat
3475 2721 3803 2783 convertat,

2144 2824 2270 2878 qua:
2301 2807 2588 2864 diviniora
2618 2809 3039 2876 censebantur,

2220 2899 2332 2954 Hoc
2363 2898 2535 2970 igitur
2567 2898 2812 2964 idolum,
2848 2899 3002 2968 quod
3035 2902 3091 2951 et
3121 2899 3376 2953 crassius
3409 2898 3809 2963 diximus,hic

2144 2987 2379 3058 quidem
2412 2987 2484 3041 ab
2516 2987 2715 3043 anima
2744 2986 2990 3042 rationis
3021 2987 3306 3058 participe
3337 2986 3599 3056 separari
3636 2987 3810 3041 mini-

2145 3093 2238 3132 me
2269 3092 2440 3148 posse
2490 3076 2674 3145 aiunt,
2709 3080 2768 3132 at
2825 3076 3061 3131 homine
3119 3076 3308 3131 soluto
3371 3093 3809 3149 nonnunquam

386 3164 594 3219 liosius
627 3165 961 3220 admiserat.
1003 3168 1102 3221 Per
1133 3168 1392 3238 requiem
1427 3172 1644 3234 autem,
1698 3167 1860 3222 illam
1895 3185 2033 3238 quo-
2079 3199 2121 3266 Ο
2152 3164 2613 3237 praestantiorem
2648 3165 2828 3230 illam,
2882 3165 3242 3237 rationisque
3291 3165 3644 3236 participem
3679 3166 3804 3220 ani-

389 3270 502 3324 que
527 3254 730 3308 anima:
773 3255 926 3324 justi
983 3257 1514 3326 peregrinationem
1547 3256 1873 3327 intelligere
1905 3273 2036 3326 pos-

392 3358 746 3412 sumus.qua
767 3343 1004 3412 quidem
1039 3345 1306 3399 tristibus
1335 3346 1510 3416 hujus
1541 3347 1743 3399 muudi
1773 3345 2040 3417 periculis

390 3429 575 3484 libera
597 3431 967 3496 subducitur,
1000 3441 1056 3485 et
1096 3434 1354 3502 corporis
1399 3451 1433 3488 a
1463 3451 1526 3488 se
1570 3434 2038 3504 tabernaculum,

388 3523 672 3589 tanquam
705 3534 854 3573 onus
887 3536 1056 3587 grave
1089 3519 1327 3588 excutit,
1362 3529 1422 3574 ut
1457 3522 1671 3576 Paulus
1705 3523 1878 3577 etiam
1911 3523 1992 3578 ait
2023 3541 2036 3578 :

393 3611 462 3663 In
491 3608 589 3662 hoc
641 3608 989 3663 tabernaculo
1047 3608 1459 3680 ingemiscimus
1507 3612 1726 3677 gravati
1753 3609 1799 3645 ⁶⁹
1830 3628 1843 3666 :
1879 3611 2038 3679 item,

397 3696 568 3768 Cupio
599 3696 865 3766 dissolvi,
887 3702 940 3752 et
969 3715 1086 3753 esse
1113 3715 1236 3755 cum
1267 3699 1476 3755 Christo
1507 3698 1574 3754 7°.

470 3786 842 3858 Blasphemia
869 3804 981 3842 non
1035 3787 1257 3844 minore
1305 3789 1614 3860 sequentia
1644 3805 1875 3860 quoque
1905 3807 2040 3846 sca-

396 3878 541 3944 tent,
577 3876 790 3946 quibus
843 3877 1066 3932 scilicet
1114 3878 1397 3932 Adamum
1448 3886 1758 3950 antequam
1809 3879 2042 3937 Domini

395 3965 734 4020 mandatum
772 3967 1296 4037 transgrederetur,
1328 3967 1641 4036 imaginem
1675 3968 1775 4024 Dei
1807 3985 2041 4024 conser-

391 4069 561 4108 vasse
590 4055 913 4119 contendit,
947 4057 1116 4124 cujus
1166 4057 1443 4112 nimirum
1501 4059 1686 4113 anima
1729 4058 1903 4126 nuda,
1937 4075 2041 4115 nec

393 4141 532 4196 ullis
564 4141 911 4198 velamentis
944 4143 1199 4199 obducta
1229 4151 1398 4210 esset,
1434 4151 1492 4200 at
1521 4146 1578 4199 in
1634 4148 1757 4201 sola
1788 4147 2041 4204 hominis

392 4229 565 4284 forma
592 4232 1047 4302 conspiceretur.
1101 4234 1490 4303 ’l‘rausgresso
1541 4240 1733 4289 autem
1769 4237 2041 4292 mandato

392 4319 657 4374 eamdem
685 4319 840 4375 illam
870 4321 1184 4391 imaginem
1201 4323 1472 4377 amisisse
1496 4323 1734 4389 ait,cum
1759 4325 2039 4380 nimirum

394 4408 590 4462 anima
618 4426 829 4479 corpus
862 4411 967 4464 hoc
1001 4411 1310 4479 induisset,
1344 4413 1496 4484 quod
1536 4430 1636 4482 per
1668 4413 1900 4469 tunicas
1928 4413 2041 4484 pel-

391 4496 569 4552 liceas
601 4496 895 4569 intelligit.
933 4499 1117 4554 Moses
1148 4501 1302 4554 enim
1339 4501 1397 4554 in
1456 4507 1748 4558 Geneseos
1793 4502 2039 4557 historia

2152 3272 2332 3319 mam,
2365 3271 2496 3310 cum
2528 3254 2826 3310 luminosa
2857 3254 3064 3326 ﬁgura,
3091 3270 3341 3325 cumque
3364 3260 3533 3325 parte
3561 3254 3809 3309 rationis

2151 3350 2405 3417 experte,
2439 3345 2509 3400 ad
2543 3345 2836 3416 propriam
2883 3344 3358 3416 peculiaremque
3407 3350 3632 3398 sortem
3665 3344 3809 3398 sub-

2150 3433 2388 3503 vehunt,
2406 3448 2825 3504 nonnunquam
2839 3449 2971 3488 vero
2990 3433 3259 3503 sejuncta
3282 3432 3544 3503 illa,quae
3559 3431 3808 3486 rationis

2151 3538 2352 3594 expers
2382 3526 2473 3578 est
2502 3522 3016 3593 (quemadmodum
3057 3524 3128 3576 de
3172 3521 3420 3577 Hercule
3451 3521 3660 3577 scribit
3691 3527 3808 3576 Ho-

2153 3612 2362 3681 merus)
2391 3613 2448 3666 in
2481 3611 2626 3667 Orco
2656 3610 2744 3667 vel
2777 3611 2931 3667 inter
2961 3612 3154 3666 sidera
3179 3611 3486 3666 collocant.

2221 3703 2421 3772 Itaque
2453 3701 2750 3772 Origenes,
2784 3704 2848 3755 ut
2874 3716 3004 3755 mea
3035 3700 3273 3772 quidem
3320 3702 3432 3756 fert
3479 3700 3790 3765 sententia,

2151 3807 2282 3847 cum
2330 3791 2588 3847 animam
2647 3789 2801 3846 idolo
2867 3790 3205 3861 hujusmodi
3264 3789 3575 3856 vestiisset,
3633 3789 3790 3860 quod

2152 3880 2416 3954 proprias
2447 3880 2728 3947 actiones,
2759 3878 2987 3950 sibique
3033 3879 3325 3934 involutas
3370 3878 3790 3946 circumferret,

2151 3971 2271 4027 fore
2301 3969 2644 4040 subjecit,ut
2666 3986 2782 4025 una
2811 3985 2944 4024 cum
2969 3969 3075 4024 hoc
3100 3969 3197 4025 illa
3224 3968 3801 4040 resurgeret,t’uturo-

2151 4078 2264 4134 que
2287 4060 2508 4132 judirio
2540 4060 2948 4130 subjiceretur,
2982 4076 3099 4132 qua
3128 4061 3186 4115 in
3228 4076 3290 4116 re
3319 4065 3524 4132 gentes
3555 4075 3806 4130 prorsus

2151 4150 2434 4218 imitatur,
2470 4150 2734 4206 mortalis
2782 4158 2976 4205 autem
3025 4150 3326 4221 tactuique
3367 4149 3634 4222 exposita
3670 4165 3805 4204 caro

2151 4240 2450 4305 deﬂueret,
2484 4244 2660 4310 atque
2689 4244 3080 4296 evanesceret.

2221 4331 2304 4385 Ad
2338 4330 2508 4400 cujus
2539 4329 2778 4385 absurdi
2827 4328 3119 4401 dogmatis
3168 4328 3680 4384 confirmationem
3714 4328 3811 4384 his

2149 4420 2410 4491 Apostoli
2440 4419 2630 4475 verbis
2662 4419 3030 4484 abutebatur,
3063 4417 3393 4474 Seminalar
3417 4419 3573 4472 enim
3609 4435 3812 4489 corpus

2151 4510 2413 4577 animale,
2448 4509 2721 4564 excf/alar
2749 4515 2942 4564 autem
2975 4524 3168 4580 corpus
3198 4508 3488 4579 spirituale
3519 4507 3566 4541 ⁷³
3602 4527 3616 4564 :
3655 4509 3817 4578 quod

391 4585 571 4639 Deum
607 4593 843 4654 sumpto
876 4587 1014 4641 limo
1048 4587 1343 4643 hominem
1380 4591 1901 4658 formasse,deinde
1925 4591 2042 4646 τιυὶ·
2072 4568 2118 4632 D
2154 4600 2388 4669 quidem
2421 4597 2679 4669 Apostoli
2710 4596 2952 4652 verbum
2981 4614 3291 4668 corporum
3316 4597 3814 4652 resurrectionem

391 4689 545 4728 mam
580 4674 766 4727 cidem
803 4676 1120 4744 inepirasse
1152 4677 1374 4744 scribit,
1403 4679 1503 4748 qui
1536 4696 1668 4734 cum
1706 4683 2041 4737 mandatum

390 4769 799 4834 transgressus
823 4768 995 4832 esset,
1031 4765 1148 4819 1)ωο
1183 4784 1213 4820 a
1247 4766 1361 4821 Deo
1393 4768 1677 4822 audiverit
1713 4785 1724 4822 :
1757 4771 1947 4825 Pulvis
1967 4787 2044 4843 es,

388 4861 443 4908 et
476 4854 536 4908 in
567 4851 855 4924 pulverem
911 4856 1200 4909 reverteris
1232 4853 1301 4923 ⁷³,
1364 4872 1466 4911 nec
1528 4860 1607 4911 ita
1666 4859 1848 4914 multo
1911 4853 2047 4930 post

391 4942 657 5000 exsulare
683 4945 888 5013 jussus
921 4942 1016 5008 sit,
1050 4945 1286 5000 tandem
1321 4962 1450 5001 vero
1498 4947 1839 5003 exturbatus
1873 4965 2042 5020 para-

390 5034 518 5089 diso
551 5033 784 5088 tunicas
818 5033 1092 5106 pelliceas
1122 5033 1398 5089 induerit.

464 5123 594 5178 Jam
655 5125 754 5195 qui
812 5124 936 5179 ﬁeri
993 5128 1200 5195 potest,
1275 5130 1340 5179 ut
1397 5125 1448 5180 is
1505 5125 1598 5180 cui
1659 5126 1877 5182 dictum
1937 5134 2044 5200 est,

392 5214 550 5267 Terra
581 5231 656 5278 es,
686 5218 736 5268 et
767 5215 826 5267 in.
858 5223 1067 5268 terram
1110 5213 1310 5279 abibis,
1370 5215 1496 5269 sine
1555 5233 1792 5287 corpore
1852 5218 2044 5286 fuerit,

391 5302 493 5356 sed
523 5303 741 5358 idolum
777 5303 1062 5358 duntaxat
1101 5320 1378 5374 corporea
1426 5305 1613 5362 forma
1664 5309 2047 5380 conspicuum

394 5391 599 5446 animus
631 5393 1076 5462 circumjectum
1110 5392 1431 5449 habuerit?

464 5564 507 5598 ⁸⁷
534 5565 688 5638 Psal.
722 5586 876 5638 xxxx,
906 5574 960 5629 5.

1063 5573 1112 5609 ⁸⁸
1139 5573 1290 5630 Psal.
1353 5569 1546 5642 cxvm,
1578 5578 1666 5633 71.

389 5651 488 5702 xv,
522 5637 608 5689 44.

1769 5580 1815 5615 ⁶⁹
1845 5581 1894 5636 Il
1928 5581 2054 5638 Cor.
2108 5598 2164 5650 v,
2191 5581 2242 5636 4.

2157 4687 2612 4758 haudquaquam
2671 4686 2971 4742 subvertit.
3059 4687 3175 4742 Nec
3259 4687 3415 4741 enim
3494 4686 3819 4742 verisimile

2157 4779 2268 4841 est,
2305 4777 2365 4828 ut
2395 4773 2444 4827 is
2471 4773 2531 4827 in
2563 4789 2630 4828 ea
2661 4772 2739 4828 sit
2768 4772 3076 4843 sententia,
3111 4773 3210 4843 qui
3244 4771 3476 4829 Domini
3541 4788 3816 4827 resurre-

2157 4867 2406 4921 ctionem
2442 4878 2576 4918 cum
2609 4877 2844 4932 corpore
2886 4870 3085 4934 gentes
3117 4863 3271 4934 apud
3305 4877 3510 4916 omnes
3542 4861 3822 4932 promul-

2157 4959 2277 5026 gat,
2310 4952 2693 5024 cjusdemque
2727 4967 2832 5006 nos
2864 4952 3062 5006 formae
3095 4951 3405 5022 participes
3436 4952 3557 5006 fore
3591 4953 3817 5022 praedi-

2157 5044 2253 5110 cit,
2287 5059 2402 5112 qua
2435 5041 2530 5096 ille
2563 5041 2690 5109 fuit,
2751 5056 2880 5096 cum
2913 5057 2944 5094 a
3002 5039 3245 5095 mortuis
3306 5044 3662 5110 resurgeret.
3698 5039 3822 5094 Sed

2155 5149 2369 5202 corpus
2400 5130 2669 5197 animale,
2701 5129 2913 5200 inquit,
2946 5129 3089 5184 illud
3123 5135 3232 5197 est,
3283 5127 3437 5200 quod
3500 5128 3820 5184 affectibus

2155 5228 2213 5278 et
2244 5221 2426 5276 {luxui
2456 5221 2771 5276 obnoxium
2805 5223 2914 5284 est,
2961 5218 3465 5289 quemadmodum
3527 5217 3678 5273 alibi
3713 5218 3826 5273 ho-

2157 5311 2372 5366 minem
2407 5307 2715 5365 auimalem
2750 5307 2905 5362 idem
2931 5307 3156 5362 vocavit
3185 5305 3496 5377 Apostolus
3529 5323 3696 5376 eum,
3721 5307 3828 5376 qui

2156 5399 2354 5456 omnia
2373 5415 2443 5455 ex
2455 5397 2638 5455 animi
2655 5396 3198 5454 ratiocinationibus
3219 5396 3589 5458 metitur.nec
3611 5413 3823 5452 rerum

2345 5580 2390 5616 το
2421 5577 2630 5651 Philip.
2687 5595 2726 5646 ι,
2756 5579 2846 5634 25.

2949 5578 2990 5613 τί
3024 5580 3168 5632 Gen.
3229 5575 3312 5649 i)i.
3349 5577 3432 5631 19.
3537 5577 3583 5610 τ’
3623 5577 3644 5632 ί
3677 5580 3822 5633 Cor.
