4058 6212
241 370 395 449 1309

1571 385 1973 446 THESAURI
2015 384 2168 445 BIB.
2217 385 2322 448 ιν.

3492 377 3646 447 1310

243 523 573 579 divinarum
607 519 784 578 ullam
819 522 1156 590 meditatur,
1209 536 1316 579 nec
1356 537 1581 589 earum,
1618 537 1745 594 quae
1779 538 1882 576 na-
1915 521 1966 588 Α
1999 524 2245 592 quatuor
2276 521 2334 576 in
2367 521 2638 587 flumina,
2687 521 2796 578 hoc
2851 525 2960 587 est,
3009 523 3332 594 praecipuas
3378 522 3643 582 virtutes.

238 621 380 671 turre
408 613 616 668 seriem
651 611 1091 680 transcendunt,
1127 611 1184 666 in
1210 612 1426 683 quibus
1459 619 1652 669 tamen
1685 628 1747 668 se
1770 611 1890 666 ani-

243 720 374 758 mus
406 717 667 758 exercere
697 701 864 757 solet.

309 791 670 863 Cujusmodi,
703 807 922 862 quaeso,
964 794 1100 847 sunt
1129 807 1213 862 ea,
1249 807 1378 863 quas
1409 789 1553 846 levis
1587 790 1680 846 hic
1711 794 1766 847 et
1796 791 1885 846 in-

239 887 516 938 constans
549 881 719 936 homo
753 881 822 935 de
853 897 918 936 eo
961 880 1245 947 tradebat,
1279 881 1430 952 quod
1463 883 1534 936 ad
1567 881 1885 952 imaginem

239 977 500 1028 creatum
532 974 762 1041 est,quo
795 973 1056 1040 tempore
1087 987 1298 1026 novam
1331 986 1526 1026 rerum
1559 969 1886 1025 divinarum

237 1059 782 1132 interpretationem
818 1059 1203 1122 moliebatur,
1237 1075 1422 1131 eaque
1453 1060 1524 1114 ad
1579 1059 1760 1114 animi
1793 1059 1885 1115 sni

237 1167 410 1206 sensa
440 1155 496 1203 et
529 1147 936 1219 conceptiones
995 1148 1298 1221 tyrannica
1357 1148 1678 1204 revocabat.
1713 1148 1885 1203 Aliud

237 1238 394 1296 enim
430 1238 635 1306 Deum,
672 1237 829 1292 aliud
867 1237 922 1292 id
956 1239 1110 1308 quod
1145 1238 1217 1292 ad
1250 1237 1568 1310 imaginem
1615 1238 1882 1294 etl‘urma-

237 1333 364 1385 tum
395 1331 506 1396 est,
542 1325 698 1381 aliud
736 1326 870 1381 item
906 1326 1376 1394 similitudinem,
1421 1326 1580 1382 aliud
1638 1326 1693 1381 id
1727 1325 1884 1397 quod

239 1419 312 1476 ad
348 1415 795 1472 similitudinem
836 1415 1102 1470 effectum
1134 1419 1223 1472 est
1270 1431 1400 1471 esse
1449 1415 1760 1471 statuebat.
1795 1419 1884 1469 At-

238 1523 355 1579 que
387 1506 607 1578 primas
639 1503 873 1576 quidem
903 1504 1189 1576 imagines
1219 1509 1275 1560 et
1313 1503 1750 1574 similitudines,
1785 1503 1884 1558 Dei

236 1595 476 1669 angelos
505 1595 764 1666 aliasque
793 1595 1038 1650 virtutes
1067 1610 1193 1650 esse
1241 1594 1471 1650 dicebat
1500 1610 1514 1648 :
1547 1610 1654 1650 nos
1686 1597 1883 1649 autem

235 1689 527 1743 secundos
553 1686 625 1741 ab
657 1683 796 1752 illis,
829 1689 893 1740 ut
926 1685 1180 1740 minores
1227 1683 1366 1750 illis,
1415 1683 1510 1755 qui
1543 1685 1614 1740 ad
1648 1683 1881 1740 illorum

231 1777 454 1834 scilicet
485 1776 803 1852 imaginem
835 1775 1124 1831 efformati
1157 1774 1365 1830 simus.
1428 1775 1648 1830 Deinde
1679 1776 1750 1830 ad
1781 1775 1879 1830 de-

232 1867 447 1923 teriora
480 1865 794 1921 deﬂectens
843 1864 1162 1936 imaginem
1215 1863 1528 1920 invisibilis
1559 1864 1656 1919 Dei
1685 1863 1880 1935 unige-
1915 1895 1959 1959 Β

237 1957 423 2012 nitum
457 1955 666 2010 Filium
690 1958 873 2021 vocat,
913 1953 1231 2024 apostolica
1273 1970 1412 2010 voce
1443 1958 1738 2026 corrupta,
1778 1969 1882 2008 nec

235 2063 301 2103 eo
333 2047 583 2116 adjecto,
612 2045 762 2114 quod
798 2044 853 2098 in
884 2043 983 2099 illo
1043 2043 1346 2099 mutationi
1405 2043 1719 2100 obnoxium
1766 2059 1882 2098 non

237 2140 346 2202 est,
380 2150 602 2206 nosque
634 2133 706 2189 ad
736 2133 1050 2204 imaginem
1105 2133 1222 2199 Dei,
1259 2149 1360 2188 seu
1392 2132 1518 2187 Filii
1573 2133 1880 2205 unigeniti,

233 2227 417 2281 factos
449 2239 576 2280 esse
607 2222 833 2288 scribit,
867 2223 1024 2294 quod
1050 2222 1347 2294 impietate
1381 2239 1497 2278 nou
1529 2227 1704 2278 caret.

301 2315 384 2370 Ad
416 2313 518 2370 Dei
568 2313 725 2368 enim
771 2313 1089 2384 imaginem
1138 2312 1352 2368 idcirco
1403 2313 1576 2368 creati
1608 2313 1882 2378 dicimur,

231 2405 364 2477 quia
396 2405 454 2460 in
487 2403 656 2458 nobis
703 2403 1042 2457 dominatur
1096 2402 1262 2466 ratio,
1303 2419 1420 2472 qua
1469 2402 1638 2470 duce,
1670 2411 1821 2457 artes
1851 2418 1885 2457 a

236 2494 405 2550 nobis
438 2493 684 2546 inventae
719 2490 1122 2562 sunt,virique
1153 2490 1297 2544 adeo
1329 2506 1524 2544 rerum
1557 2490 1883 2546 divinarum

237 2582 566 2655 cognitione
602 2579 857 2634 celebres
900 2578 1176 2650 pleraque
1235 2578 1308 2632 ad
1367 2577 1466 2632 Dei
1526 2578 1796 2649 gloriam,
1831 2583 1886 2634 et

238 2671 684 2744 magniﬁcorum
717 2668 846 2738 ejus
893 2683 1134 2738 operum
1186 2665 1415 2722 laudem
1465 2667 1882 2738 excogitarunt.

236 2761 506 2828 Proinde,
546 2763 605 2812 ut
635 2774 703 2812 ex
733 2756 806 2811 iis
837 2773 962 2827 quae
993 2774 1026 2811 a
1057 2756 1226 2812 nobis
1278 2757 1435 2811 dicta
1490 2762 1627 2812 sunt
1660 2757 1885 2830 perspi-

239 2864 415 2905 cuum
449 2850 557 2911 est,
591 2847 719 2917 ejus
751 2845 1061 2916 participes
1094 2862 1316 2913 sumus,
1354 2846 1508 2916 quod
1541 2847 1614 2900 ad
1674 2845 1882 2918 imagi-

240 2955 373 2994 nem
408 2937 668 2991 effietum
702 2935 948 3006 est,ejus
980 2951 1110 2991 vero
1144 2934 1300 3006 quod
1332 2934 1400 2988 ad
1434 2933 1884 2991 similitudinem

241 3027 305 3093 ii,
340 3027 438 3098 qui
474 3025 683 3083 virtute
729 3025 965 3096 perfecti
1010 3027 1318 3079 evaserunt
1347 3040 1361 3079 :
1396 3023 1741 3094 nullumque
1772 3043 1886 3082 non

241 3121 547 3172 moverunt
579 3114 858 3186 lapidem,
892 3114 1150 3185 quandiu
1183 3113 1470 3179 vixerunt,
1521 3113 1658 3183 quin
1693 3131 1886 3170 rerum

234 3203 653 3276 cognitionem,
688 3220 799 3275 qua
832 3202 1088 3257 converti
1123 3206 1357 3273 possent
1389 3202 1458 3256 ad
1510 3206 1714 3269 Deum,
1747 3219 1884 3258 con-

235 3296 641 3366 sequerentur,
677 3293 995 3362 eademque
1036 3290 1184 3345 votis
1223 3290 1500 3346 omnibus
1534 3296 1886 3363 expeterent,
1923 3256 1966 3322 ϐ

237 3401 364 3455 quae
393 3399 624 3454 semper
683 3382 884 3437 eodem
942 3397 1004 3436 se
1063 3380 1234 3435 modo
1293 3380 1509 3436 habere
1563 3382 1886 3437 dicuntur:

236 3489 386 3544 quos
436 3471 649 3526 idcirco
702 3469 898 3524 divina
950 3468 1251 3540 Scriptura
1305 3468 1443 3524 deos
1483 3469 1888 3542 Altissimique

235 3562 387 3616 ﬁlios
416 3560 691 3633 appellat,
737 3574 926 3630 neque
957 3559 1157 3614 eodem
1209 3575 1324 3630 quo
1375 3563 1613 3614 caeteros
1653 3561 1887 3616 nomine

233 3649 568 3723 compellat,
611 3665 753 3718 quos
785 3665 916 3704 cum
944 3647 1236 3717 jumentis
1287 3648 1702 3719 insipientibus
1748 3666 1882 3704 con-

236 3740 346 3796 fert
379 3756 391 3793 :
427 3739 612 3810 iisque
643 3736 867 3793 similes
901 3736 1154 3793 evasisse
1193 3736 1427 3806 clamat,
1463 3736 1564 3808 qui
1597 3737 1742 3794 male
1774 3738 1884 3794 Do-

238 3831 464 3885 minum
497 3827 756 3883 calcibus
791 3827 1098 3898 impetant.

308 3918 424 3974 Nec
460 3934 592 3973 vero
654 3918 890 3985 mirum,
951 3917 1101 3986 quod
1157 3915 1433 3987 Origenes
1491 3916 1764 3986 pleraque
1821 3917 1881 3972 in

234 4010 418 4064 Deum
455 4009 650 4062 minus
682 4006 1085 4062 convenientia
1125 4009 1493 4060 commentus
1525 4013 1578 4060 et
1609 4006 1879 4076 prolocu-

231 4104 351 4165 tus,
386 4097 722 4168 paradisum
759 4111 991 4166 quoque
1042 4100 1098 4149 et
1139 4111 1343 4165 aquas,
1396 4111 1522 4163 quae
1554 4098 1673 4148 tam
1705 4093 1877 4159 infra,

230 4204 409 4259 quam
443 4203 620 4258 supra
650 4185 1088 4240 ﬁrmamentum
1122 4198 1250 4238 esse
1282 4183 1577 4249 dicuntur,
1612 4182 1878 4252 allegori-

227 4293 290 4332 ce
341 4279 591 4346 exponat
645 4274 774 4345 (hoc
827 4273 982 4328 enim
1044 4271 1114 4326 de
1164 4271 1265 4325 illo
1325 4286 1440 4324 non
1500 4285 1712 4340 parvus
1743 4287 1878 4342 pro-

227 4368 516 4422 fessorum
549 4362 808 4419 veritatis
841 4375 1125 4415 numerus
1157 4358 1510 4426 asserit,ncc
1543 4375 1725 4429 aquas
1743 4375 1876 4414 cum

228 4453 529 4511 nonnullis
578 4451 914 4508 doctoribus
945 4447 1226 4516 Hebraeis,
1286 4452 1405 4502 tam
1461 4447 1665 4517 priscis
1699 4464 1876 4519 quam

225 4543 666 4611 recentioribus,
717 4541 786 4596 ad
840 4537 1132 4610 angelicas
1197 4536 1432 4592 ordines
1483 4537 1656 4592 refert
1711 4554 1722 4592 :
1774 4539 1874 4593 sed

1995 611 2387 683 prudentiam,
2417 612 2735 683 justitiam,
2769 611 3191 677 fortitudinem,
3227 617 3281 668 et
3315 616 3646 684 temperau-

1997 701 2133 756 liam
2165 701 2520 758 diduxerunt
2571 719 2584 756 :
2637 701 2717 756 ita
2765 709 2826 756 ut
2883 700 3098 756 Phison
3145 719 3276 757 cum
3339 705 3648 773 prudentia

1995 791 2344 862 conferatur,
2378 791 2477 862 qui
2509 807 2741 846 omnem
2775 796 2989 846 terram
3022 790 3224 855 Evilat,
3255 791 3362 846 hoc
3395 798 3485 848 est
3517 794 3645 848 ani-

1997 897 2150 935 mum
2197 879 2496 937 laboribus
2553 885 2610 935 ct
2666 880 2958 951 angustiis
2991 897 3353 952 oppressam,
3385 882 3591 937 circuit
3631 901 3644 939 :

1997 969 2114 1025 ham
2172 969 2328 1025 enim
2389 973 2475 1024 est
2537 969 2822 1024 llebruicre
2887 969 3162 1026 dictionis
3242 969 3642 1041 interpretatio

1993 1060 2124 1128 quia
2171 1058 2450 1113 nimirum
2499 1057 2694 1113 labore
2743 1059 3115 1129 prudentiam
3183 1059 3640 1129 consequimur:

1993 1164 2121 1218 qua:
2155 1147 2300 1202 nihil
2353 1153 2462 1216 est,
2488 1164 2664 1219 quam
2687 1147 2974 1218 collectio,
3007 1152 3062 1203 et
3088 1149 3470 1219 coacervatio,
3524 1149 3641 1204 imo

1990 1253 2124 1292 vero
2157 1237 2331 1292 etiam
2365 1236 2658 1292 aemulatio
2681 1253 3034 1308 eorumque:
3063 1239 3300 1294 honeste
3325 1239 3638 1310 aliquando

1990 1333 2153 1399 gesta
2183 1332 2340 1394 sunt,
2375 1327 2460 1382 vel
2492 1326 2812 1382 etiamnum
2846 1332 3150 1399 geruntur.

2063 1416 2233 1471 Gzeon
2284 1419 2500 1482 autem,
2554 1415 2650 1488 qui
2716 1416 3017 1488 EthiOpite
3068 1417 3360 1489 regionem
3419 1420 3639 1475 circum

1991 1503 2160 1559 alluit
2214 1505 2610 1575 temperantiae
2669 1507 3163 1576 accommodatur,
3194 1524 3316 1576 quae
3363 1509 3639 1580 cupidam

1991 1594 2200 1648 anima:
2233 1597 2454 1664 partem
2505 1595 2938 1664 quodammodo
2988 1597 3331 1669 constringit
3364 1604 3418 1652 et
3451 1601 3639 1654 conti-

1990 1686 2106 1738 net.
2138 1698 2242 1737 nec
2276 1683 2333 1736 in
2365 1683 2652 1737 absurdas
2685 1683 2942 1739 actiones
2974 1684 3238 1740 diffluere
3270 1686 3427 1743 sinit.

2059 1771 2280 1842 Tigrim
2314 1775 2524 1839 autem,
2559 1772 2656 1842 qui
2693 1789 2762 1827 ex
2791 1773 3034 1828 adverso
3086 1775 3452 1846 Assyriorum
3487 1777 3636 1844 fluit,

1991 1859 2354 1915 fortitudinis
2388 1860 2721 1931 symbolum
2754 1878 2880 1916 esse
2910 1862 3383 1935 voluerunt,quia
3416 1865 3639 1921 scilicet

1990 1948 2148 2021 Tigri
2183 1965 2296 2004 non
2331 1948 2619 2004 absimilis
2664 1958 2752 2005 est
2807 1949 2904 2004 ille
2957 1951 3138 2005 animi
3187 1953 3378 2020 ardor,
3413 1959 3468 2008 et
3498 1972 3638 2009 con-

1992 2044 2155 2094 stans
2188 2054 2390 2093 eorum
2425 2039 2814 2110 propositum,
2852 2041 2949 2109 qui
2982 2057 3050 2094 ex
3082 2042 3323 2111 spiritus
3373 2044 3636 2112 praescri-

1991 2133 2090 2201 pto
2120 2128 2296 2184 vitam
2327 2128 2661 2182 instituunt.
2717 2127 2803 2182 llli
2852 2129 3003 2184 enim
3057 2129 3334 2200 impavidi
3369 2148 3435 2186 ea
3463 2148 3637 2202 pcne—

1991 2222 2166 2286 trant,
2194 2234 2318 2288 qua:
2352 2217 2482 2273 aliis
2512 2221 2790 2273 terrorem
2825 2217 3029 2272 ati‘erre
3059 2218 3346 2274 videntur.

2060 2307 2358 2363 Justitiam
2391 2306 2641 2378 denique
2674 2322 2802 2361 cum
2832 2306 3125 2379 Euphrate
3152 2308 3478 2377 conferunt,
3511 2326 3636 2382 quae

1992 2398 2154 2454 nulla
2196 2401 2355 2469 parte
2405 2396 2928 2464 circumscribitur,
2981 2397 3475 2469 quemadmodum
3525 2401 3638 2454 vir-

1993 2492 2150 2544 tutes
2203 2491 2457 2556 craterae;
2493 2488 2590 2542 sed
2647 2504 2746 2558 per
2793 2503 2993 2542 omnes
3045 2487 3323 2543 discurrit
3365 2489 3640 2545 omnibus

1993 2577 2389 2644 adest,omnes
2421 2580 2895 2644 exornat,omnes
2918 2576 3186 2648 amplexu
3211 2593 3314 2632 suo
3335 2580 3479 2634 fovet
3503 2580 3638 2652 (51).

2065 2666 2176 2722 Sed
2207 2667 2329 2721 haec
2362 2666 2662 2734 hactenus,
2700 2682 2948 2738 quorum
2989 2667 3229 2738 quidem
3264 2669 3542 2737 narratio,
3579 2673 3642 2723 ut

1995 2755 2224 2827 opinor,
2261 2755 2629 2811 auditoribus
2661 2755 2812 2810 haud
2847 2756 3073 2810 inutilis
3108 2755 3300 2810 fuerit.

2066 2844 2229 2900 Pauli
2262 2862 2435 2917 porro
2461 2845 2646 2912 locus,
2681 2861 2795 2916 quo
2827 2845 2908 2899 ait
2966 2861 2979 2898 :
3035 2846 3466 2916 Uniuscujusque
3505 2862 3641 2917 Opus

1993 2935 2162 3008 quate
2190 2945 2286 3002 est,
2335 2938 2478 3007 ignis
2535 2934 2980 3007 probabit;dies
3036 2937 3186 2990 enim
3245 2937 3640 3007 manifestabil,

1993 3028 2120 3098 quia
2156 3025 2216 3080 in
2247 3025 2370 3097 igne
2400 3024 2682 3081 reveletur
2709 3023 2776 3092 ⁷³,
2823 3023 2933 3079 hoc
2965 3039 3143 3079 sensu
3204 3025 3388 3096 accipi
3428 3029 3640 3095 potest.

1997 3114 2321 3171 Heraclitus
2339 3116 2570 3187 quidem
2593 3113 2976 3186 philosophus
2995 3113 3345 3169 elementum
3382 3115 3640 3185 primum

1995 3204 2190 3275 ignem
2224 3219 2352 3259 esse
2383 3207 2670 3269 statuens,
2716 3204 3042 3258 etiamnum
3088 3203 3324 3271 servari,
3358 3207 3414 3258 et
3440 3209 3644 3258 caetera

1998 3308 2229 3348 servare
2269 3292 2516 3359 dicebat,
2560 3309 2687 3362 quas
2738 3292 3014 3346 nimirum
3067 3292 3373 3347 contrariis
3407 3293 3558 3347 inter
3583 3309 3644 3347 se

1998 3381 2376 3454 qualitatibus
2402 3383 2711 3437 commista
2745 3386 2904 3448 sunt,
2937 3381 3018 3436 ita
3066 3389 3261 3437 tamen
3291 3393 3493 3438 cratera
3522 3381 3637 3437 ele-

1996 3477 2192 3527 menta
2220 3473 2310 3526 sui
2344 3471 2626 3526 eﬂ‘usione
2677 3476 3060 3541 superaturus
3091 3471 3406 3542 aliquando
3438 3477 3592 3528 esset
3624 3490 3637 3528 :

1991 3568 2169 3632 atque
2199 3562 2324 3615 suis
2356 3558 2644 3614 limitibus
2678 3564 2959 3631 tanquam
3007 3561 3332 3616 crateribus
3363 3563 3636 3627 emissus,

1993 3667 2178 3722 usque
2226 3651 2368 3705 adeo
2421 3648 2642 3706 efficaci
2693 3649 2968 3721 qualitate
3030 3667 3137 3706 sua
3205 3651 3642 3713 intumesceret,

1993 3745 2057 3796 ut
2090 3739 2286 3795 omnia
2320 3755 2449 3810 quas
2480 3743 2620 3794 sunt
2645 3739 2703 3793 in
2739 3756 2932 3794 rerum
2966 3742 3174 3793 natura
3200 3740 3551 3809 depasturus
3583 3740 3641 3791 et

1991 3835 2411 3901 assumpturus
2442 3839 2593 3885 esset
2627 3830 2758 3899 (52).

2060 3919 2374 3991 Apostolus
2407 3923 2598 3971 autem
2631 3919 2702 3971 de
2733 3917 2863 3986 igne
2895 3916 3236 3986 hujusmodi
3269 3933 3637 3988 nequaquam

1989 4011 2164 4065 verba
2197 4008 2327 4061 facit
2361 4023 2374 4061 :
2410 4022 2540 4060 cum
2572 4006 2776 4059 mundi
2809 4022 2967 4076 pars,
3021 4004 3146 4077 ipse
3189 4021 3421 4076 quoque
3453 4006 3548 4071 sit,
3582 4009 3639 4060 et

1989 4095 2347 4168 corruptioni
2401 4094 2654 4148 universi
2719 4094 2901 4165 ipsius
2968 4093 3279 4159 obnoxius,
3333 4109 3518 4164 neque
3568 4095 3638 4150 de

1987 4186 2085 4241 illo
2119 4185 2377 4256 quidem,
2412 4183 2582 4253 cujus
2617 4183 2772 4254 apud
2804 4183 3197 4254 apostolorum
3230 4184 3500 4240 columen
3532 4183 3639 4239 Pe-

1988 4282 2140 4330 trum
2201 4274 2296 4329 his
2348 4272 2538 4328 verbis
2601 4273 2814 4328 mentio
2849 4275 2956 4329 ﬁt:
2999 4276 3179 4330 Veniet
3227 4274 3352 4330 dies
3391 4275 3636 4341 Domini,

1985 4368 2048 4419 ut
2075 4367 2170 4433 [ur
2200 4365 2259 4419 in
2293 4366 2448 4418 nocte
2476 4380 2494 4416 :
2528 4364 2584 4417 in
2612 4379 2714 4432 qua
2745 4362 2868 4417 σαῖιὶ
2890 4379 3011 4418 cum
3035 4379 3235 4434 magno
3265 4363 3473 4435 impetu
3502 4383 3639 4436 prae-

1986 4452 2250 4518 teribunt,
2299 4453 2573 4507 elementa
2620 4460 2801 4506 autem
2871 4455 3177 4508 mstuantia
3246 4453 3634 4509 dissolvantur.

1991 4544 2153 4598 Terra
2185 4557 2310 4596 vero
2339 4557 2562 4612 quaeque
2605 4542 2662 4595 in
2719 4556 2782 4595 ea
2837 4549 2964 4596 sunt
3017 4558 3186 4613 Opera
3227 4543 3632 4601 comburentnr.

219 4635 482 4708 gentium
509 4630 822 4705 synagogis
853 4627 1276 4694 accommodat,
1313 4643 1438 4697 quas
1470 4626 1706 4698 quidem
1743 4643 1871 4682 sca—
1905 4627 1953 4690 ι)
1980 4630 2047 4685 Si
2071 4644 2195 4699 ergo
2246 4629 2357 4682 haec
2402 4629 2592 4681 omnia
2649 4628 2933 4683 solvantur
2979 4630 3169 4700 quales
3199 4646 3309 4685 esse
3348 4645 3444 4686 nos
3475 4648 3636 4701 opor-

219 4723 580 4780 turientibus
616 4721 788 4792 aquis
841 4717 1063 4774 similes
1125 4718 1184 4772 in
1245 4714 1588 4787 multijugas
1619 4715 1785 4785 ﬁdes,
1819 4721 1876 4772 et

223 4811 550 4870 multifidas
582 4810 850 4865 derivata:
882 4812 938 4863 et
968 4806 1164 4862 effusa:
1195 4809 1356 4874 sunt,
1390 4805 1572 4860 donec
1604 4804 1662 4859 in
1697 4822 1874 4861 unam

223 4916 585 4977 synagogam
616 4898 830 4954 Christi
864 4895 1225 4968 apparitione
1248 4910 1349 4965 per
1379 4898 1630 4966 angusta
1661 4895 1877 4950 confra-

216 5007 478 5066 gosaque
510 4989 636 5044 loca
668 4987 918 5042 ﬂuentes
962 4983 1328 5051 coaluerunt,
1372 4984 1872 5054 quemadmodum

219 5081 318 5138 alii
355 5079 500 5135 nihil
530 5079 602 5133 ab
630 5073 884 5132 historiae
919 5072 1182 5129 Mosaicae
1235 5071 1478 5128 veritate
1511 5072 1870 5141 aberrantes,

215 5175 493 5228 naturam
516 5170 775 5223 nostram
794 5180 925 5220 cum
946 5162 1468 5235 paradiso,bonum
1489 5165 1684 5218 autem
1704 5161 1870 5218 nobis

218 5281 251 5317 a
284 5262 397 5316 Deo
425 5257 672 5312 insitum
706 5270 839 5310 cum
886 5254 1046 5308 fonte
1092 5251 1250 5306 velut
1296 5268 1329 5307 a
1377 5251 1652 5322 paradiso
1684 5255 1872 5306 scatu-

214 5350 401 5406 riente
434 5352 489 5403 et
523 5346 846 5419 profluente
872 5340 1250 5399 contulerunt
1276 5357 1288 5394 :
1315 5341 1649 5411 bonumque
1671 5341 1866 5412 ipsum

279 5500 327 5537 ⁷³
355 5501 527 5558 ICor.
561 5514 647 5566 ιιι,
684 5498 769 5569 13,
845 5496 890 5530 7‘
921 5512 962 5551 ιι
1002 5495 1148 5550 Petr.
1187 5509 1273 5561 ιιι,
1301 5493 1366 5547 10
1397 5507 1564 5564 seqq.

273 5654 385 5725 (51)
419 5650 658 5725 Aristot,
693 5649 754 5703 in
784 5646 1002 5725 Ethicis
1028 5641 1488 5725 ex_'ljhepgn_ide.

1981 4722 2056 4774 tet
2113 4719 2173 4772 in
2244 4715 2450 4772 sanctis
2530 4719 3049 4785 conum-sationibus,
3111 4726 3163 4774 et
3246 4719 3357 4789 piis
3439 4735 3635 4791 opera-

1985 4807 2251 4874 tionibus,
2335 4816 2743 4876 exspectantes,
2831 4811 2879 4862 et
2953 4809 3313 4866 accelerantes
3421 4811 3634 4866 adven-

1984 4903 2100 4953 tum
2170 4897 2290 4953 diez’
2357 4896 2622 4965 Domini,
2715 4899 2776 4952 in
2840 4913 2949 4968 qua
3016 4899 3138 4953 caeli
3201 4899 3450 4954 ardentes
3517 4899 3635 4952 dis-

1981 4989 2280 5054 solvantur,
2352 4995 2404 5040 et
2477 4987 2745 5041 elementa
2829 4987 3125 5041 aestuantia
3210 4988 3508 5058 liquescent
3538 4985 3632 5041 7"?

1980 5079 2050 5132 At
2077 5092 2210 5132 vero
2241 5075 2438 5147 ignem
2465 5073 2644 5129 alium
2693 5072 2986 5145 intelligit,
3022 5075 3123 5146 qui
3171 5074 3396 5129 scilicet
3426 5075 3633 5144 gehen-

1980 5181 2069 5221 nae
2100 5164 2269 5237 quasi
2322 5164 2584 5235 quaedam
2643 5163 2827 5234 portio
2878 5165 3388 5233 fragmentumque
3430 5163 3525 5232 sit,
3558 5166 3626 5218 ad

1978 5269 2149 5324 quem
2184 5268 2289 5308 nos
2321 5267 2554 5323 quoque
2584 5254 2724 5304 tunc
2755 5250 3098 5305 admovendi
3131 5265 3358 5318 sumus,
3394 5254 3456 5305 ut
3487 5250 3542 5304 in
3564 5265 3628 5306 eo

1980 5342 2233 5413 purgati,
2267 5340 2353 5396 vel
2404 5341 2616 5396 dextras
2667 5340 2834 5410 parti,
2880 5339 2967 5396 vel
3017 5340 3269 5397 sinistrae
3320 5356 3628 5396 accensea-

272 5712 381 5798 (52}
413 5723 599 5796 Hujus
629 5718 917 5793 dogmatis
941 5715 1204 5775 meminit
1233 5712 1470 5772 ovidius
1497 5712 1696 5787 Μεταμ
1722 5732 1739 5771 ι
1775 5718 1935 5775 :Esse
1965 5733 2173 5791 quoque
2200 5719 2262 5775 in
2294 5718 2428 5791 fatis
2460 5716 2872 5788 reminiscitur,
2909 5718 3078 5790 a/rore
3102 5721 3331 5793 tempus,
3367 5722 3479 5776 etc.
