4058 6212
434 326 587 390 1311

1754 313 2074 376 ΝΙΟΕΤᾸΞ
2115 313 2552 379 CHONIATIE

3699 321 3857 384 I312

433 475 587 514 mur.
621 456 717 515 Vel
746 453 899 528 ignis
932 451 1166 509 nomine
1197 453 1370 508 Deum
1405 450 1574 506 etiam
1611 449 1804 521 ipsum
1865 447 2078 504 intelli-
2108 450 2160 518 Α
2191 451 2411 508 admoti
2444 451 2678 522 fuerint,
2704 451 3039 526 quicunque
3071 454 3266 511 anima
3298 470 3444 527 pura
3467 458 3526 511 et
3558 454 3855 528 pellucida

432 564 566 619 gere
604 561 944 616 possumus,
1005 545 1105 613 qui
1169 542 1366 596 lumen
1423 555 1656 610 quoque
1712 539 1944 607 dicitur,
1980 555 2085 594 nec

430 637 585 709 ignis
620 632 1067 707 appellationem
1100 632 1472 701 dedignatur.
1529 630 1682 683 Idem
1721 629 1873 683 enim
1907 627 1998 683 hic
2029 632 2086 683 et

429 729 667 786 nomine
699 731 875 796 caret,
919 730 978 780 et
1033 724 1374 779 nominibus
1406 721 1690 785 abundat,
1753 738 1855 792 pro
1914 720 2080 775 habi-

427 822 600 873 tuum
651 820 982 871 nostrorum
1046 813 1269 868 ratione
1329 808 1777 882 appellationem
1839 809 2082 864 subinde

430 906 851 972 mutans.Quia
878 905 1031 958 enim
1067 902 1322 957 animam
1360 905 1568 973 purgat
1601 903 1656 954 et
1689 899 1922 954 candori
1962 899 2081 970 pri-

430 997 583 1055 stino
642 995 920 1060 restituit,
983 998 1156 1063 atque
1210 991 1467 1046 maculas
1525 989 1874 1044 inhaerentes
1915 987 2080 1043 eluit,

430 1104 580 1159 quas
611 1085 661 1140 ei
696 1084 900 1139 vitium
935 1082 1252 1146 inusserat,
1287 1081 1500 1137 idcirco
1554 1079 1750 1133 lumcu
1785 1082 1875 1132 est
1907 1083 1964 1133 et
1990 1078 2081 1132 di-

433 1180 603 1245 citur,
640 1194 753 1249 quo
788 1176 1005 1232 lumine
1041 1173 1185 1230 nihil
1233 1173 1558 1246 quidquam
1610 1170 1861 1226 lucidius
1892 1169 2081 1241 splen-

431 1269 741 1337 didiusque
769 1265 882 1320 dici
916 1262 1116 1336 possit.
1163 1261 1306 1328 Quia
1356 1277 1486 1317 vero
1539 1259 1841 1316 materiam
1875 1276 2081 1315 consu-

431 1358 559 1424 mit,
591 1356 742 1428 ignis
783 1355 1000 1409 idcirco
1036 1352 1267 1421 dicitur,
1299 1351 1787 1422 quemadmodum
1839 1353 1894 1405 et
1939 1348 2078 1404 alibi

429 1449 562 1520 quia
590 1452 767 1512 secat,
803 1443 1027 1512 dividit,
1062 1447 1117 1497 et
1158 1442 1228 1497 ad
1277 1441 1486 1496 anima:
1535 1439 1822 1496 medullas
1857 1438 2075 1510 pertin-

428 1539 532 1608 git,
569 1552 634 1592 ea
658 1536 726 1591 de
758 1551 932 1589 causa
962 1531 1192 1603 gladius
1224 1534 1278 1586 et
1310 1547 1502 1586 sermo
1534 1533 1740 1584 acutus
1773 1545 2074 1600 nuncupa-

430 1631 545 1681 tur.
582 1623 1017 1692 Uniuscuiusque
1074 1636 1206 1690 ergo
1265 1635 1419 1690 opus,
1475 1616 1643 1687 quale
1709 1620 1898 1687 fuerit,
1935 1619 2080 1688 ignis

425 1714 773 1786 probabitln
805 1711 911 1766 hoc
943 1709 1178 1781 quidem
1213 1708 1432 1763 mundo
1460 1706 1709 1762 aliorum
1745 1707 2076 1778 probationi

2194 541 2466 612 praeditus
2517 544 2645 609 erit,
2681 543 2890 599 clarior
2943 545 3193 616 exiguis
3224 545 3568 617 probatione
3639 546 3853 614 factus,

2197 633 2523 687 mercedem
2563 633 2787 706 accepit
2844 652 2972 706 quae
3026 651 3155 691 vera
3207 651 3391 690 aureze
3442 637 3565 705 ejus
3623 636 3851 708 animas,

2191 721 2551 794 actionisque
2581 723 2840 791 sincerae,
2877 741 2980 779 nec
3025 723 3144 780 ulla
3177 723 3518 779 delictorum
3549 724 3678 779 labe
3711 742 3849 780 con-

2193 820 2490 882 spurcatur,
2524 813 2822 870 retributio
2886 818 2975 870 est
3007 831 3019 870 :
3057 814 3192 885 quia
3225 815 3506 869 nimirum
3539 815 3656 870 Deo
3706 832 3842 870 con-

2183 900 2473 972 jungitur.
2496 902 2804 974 ignemque
2836 904 3092 959 divinum
3126 904 3289 958 illum
3326 904 3584 976 perfert?
3619 910 3674 958 et
3707 921 3847 976 puro

2193 989 2348 1045 illius
2385 990 2679 1048 immistus
2729 992 2952 1056 lumini,
2988 993 3262 1048 creatoris
3297 995 3527 1048 tandem
3564 994 3848 1049 beneﬁcio

2190 1079 2340 1135 Deus
2372 1081 2582 1136 evadit.
2629 1085 2819 1136 Manet
2852 1083 3008 1137 enim
3033 1099 3180 1154 opus
3211 1083 3359 1154 ejus,
3403 1084 3554 1154 quod
3589 1099 3848 1154 sape-rae-

2192 1170 2474 1225 dificavit.
2494 1172 2986 1244 Superzediticavit
3005 1179 3195 1228 autem
3228 1173 3286 1228 in
3311 1189 3377 1228 eo
3408 1179 3602 1228 turres
3635 1181 3690 1229 et
3713 1192 3850 1245 pro-

2190 1260 2534 1331 pugnacula,
2597 1261 2702 1316 hoc
2735 1266 2820 1319 est
2864 1261 3344 1335 inexpugnabilia
3376 1263 3511 1318 fidei
3550 1263 3848 1334 dogmata,

2188 1348 2474 1405 virtutum
2526 1349 2786 1422 fastigia,
2818 1367 2908 1417 ea,
2942 1352 3206 1423 inquam,
3237 1368 3337 1424 per
3367 1367 3516 1424 quas,
3564 1357 3844 1424 tanquam

2192 1453 2292 1510 per
2354 1439 2739 1496 intermedios
2796 1441 3034 1512 gradus,
3074 1441 3123 1496 si
3181 1441 3311 1513 quis
3342 1459 3372 1496 e
3420 1447 3578 1496 terra
3609 1458 3847 1498 sursum

2189 1530 2488 1597 ascendat,
2530 1529 2727 1602 ipsum
2786 1529 2970 1586 Deum
3001 1531 3193 1586 videre
3243 1531 3448 1603 possit.
3481 1532 3840 1603 Hujusmodi

2191 1618 2364 1688 muri,
2415 1618 2752 1689 hujusmodi
2823 1621 3032 1677 moenia
3085 1621 3299 1693 divina,
3377 1620 3842 1694 haudquaquam

2189 1707 2439 1764 ﬂammis
2470 1708 2882 1776 absumuntur,
2914 1711 3012 1766 sed
3046 1709 3234 1782 magis
3265 1710 3570 1782 magisque
3601 1711 3841 1766 ﬁrman-

429 1802 795 1871 exponimur,
834 1799 927 1855 ubi
963 1797 1294 1871 permultas
1343 1814 1503 1852 error
1555 1797 1722 1860 inest,
1762 1795 2076 1867 permulta-
2112 1816 2164 1880 Β
2191 1799 2283 1853 tur
2314 1804 2371 1853 et
2423 1804 2748 1854 servantur.
2785 1801 2945 1866 Quod
2979 1800 3030 1855 si
3067 1800 3198 1872 quis
3258 1799 3602 1856 fasciculum
3656 1803 3838 1872 stipu-

433 1908 548 1964 que
591 1891 1040 1946 commissorum
1104 1888 1447 1943 delictorum
1499 1887 1848 1958 repensatio,
1904 1890 2080 1958 atque

429 2000 575 2053 Opus
601 1981 836 2054 quidem
871 1981 1064 2050 ipsum
1101 1978 1331 2033 coronis
1366 1977 1709 2048 plerumque
1742 1976 1828 2032 vel
1863 1976 2080 2048 suppli-

427 2072 534 2128 ciis
567 2071 812 2143 dignum
869 2076 989 2126 est:
1050 2069 1367 2124 amicorum
1423 2071 1615 2121 tamen
1675 2083 1843 2136 Opem
1898 2067 2077 2124 feren-

427 2161 573 2217 tium
629 2158 1023 2215 consolatione
1082 2155 1404 2226 disertique
1451 2155 1697 2210 oratoris
1758 2156 2080 2227 patrocinio

428 2267 685 2324 persaepe
724 2251 807 2319 fit,
861 2254 922 2305 ut
970 2248 1151 2320 judex
1183 2248 1253 2302 ad
1288 2245 1751 2302 misericordiam
1785 2245 2075 2315 ﬂectatur,

429 2358 613 2414 eoque
643 2341 988 2408 adducatur,
1015 2343 1079 2394 ut
1109 2337 1459 2394 sententiam
1489 2337 1759 2392 immutet
1791 2354 1804 2392 :
1836 2336 1956 2392 illic
1984 2354 2081 2392 au.

430 2436 553 2488 tem
594 2430 758 2502 quale
816 2434 902 2486 est
951 2429 1416 2499 uniuscujusque
1465 2444 1612 2499 opus
1663 2426 1820 2498 ignis
1870 2428 2076 2498 proba-

433 2521 539 2575 bit.
573 2521 686 2576 Nec
747 2519 902 2574 enim
950 2519 1130 2590 judex
1189 2515 1617 2584 circumveniri,
1665 2533 1768 2571 nec
1819 2516 2078 2572 tribunal

436 2610 778 2665 muneribus
842 2608 1132 2678 corrumpi
1167 2611 1379 2678 potest,
1411 2610 1466 2661 et
1522 2605 1701 2660 simul
1733 2609 1906 2676 atque
1940 2623 2076 2678 pro-

436 2699 566 2771 pius
627 2701 699 2755 ad
748 2699 1006 2771 judicem
1065 2697 1198 2768 quis
1227 2696 1492 2765 accessit,
1525 2695 1660 2768 igne
1702 2712 1928 2766 quoque
1951 2696 2075 2765 jam

430 2791 712 2862 probatus
749 2793 855 2846 est.
891 2787 1276 2844 Exactissima
1299 2785 1454 2842 enim
1489 2786 1781 2840 actionum
1812 2785 2076 2856 probatio

432 2880 504 2936 ab
533 2878 715 2950 ipsius
757 2879 978 2948 judicis
1010 2883 1217 2932 natura
1257 2876 1572 2945 dependet:
1619 2876 1746 2931 Dies
1786 2877 1956 2942 enim,
1989 2874 2076 2930 in-

434 2969 581 3039 quit,
656 2968 1058 3040 mani/estabit,
1109 2966 1252 3038 quod
1301 2968 1430 3034 igne
1484 2971 1690 3020 cuncta
1738 2963 2073 3023 revelentur.

427 3061 558 3113 Haec
580 3061 671 3112 est
702 3058 1079 3129 praecedentis
1124 3055 1263 3112 dicti
1296 3055 1681 3112 confirmatio.
1727 3055 1873 3119 Quia
1919 3054 2074 3110 enim

431 3163 536 3203 nos
568 3147 702 3218 igne
726 3147 1022 3202 universos
1047 3147 1373 3217 judicatum
1399 3145 1468 3200 iri
1501 3146 1667 3212 dixit,
1704 3145 1852 3215 ignis
1883 3149 2073 3202 autem

2189 1885 2380 1941 larum
2415 1903 2540 1958 qua:
2576 1889 2814 1943 materia
2839 1889 3004 1946 facile
3038 1889 3385 1957 absumitur,
3418 1889 3672 1961 igneque
3703 1907 3844 1945 con-

2189 1975 2395 2046 ﬂagrat
2428 1977 2861 2048 (quemcunque
2890 1977 3208 2049 intelligere
3228 1978 3494 2047 velimus,
3523 1983 3582 2034 ut
3600 1981 3839 2050 meoju-

2191 2064 2340 2122 dicio
2377 2065 2660 2121 malorum
2693 2083 2927 2137 operum
2961 2068 3208 2138 copiam)
3268 2068 3503 2140 propria
3534 2068 3594 2123 in
3641 2070 3844 2125 anima

2189 2155 2533 2226 gustaverit,
2594 2155 2763 2211 simul
2821 2158 2892 2211 ad
2948 2157 3145 2228 ignem
3204 2158 3448 2230 propius
3499 2160 3827 2230 accesserit,

2189 2244 2701 2316 conﬂagrationcm
2736 2245 2881 2301 ferre
2923 2263 3036 2301 non
3072 2247 3301 2317 poterit,
3343 2246 3584 2318 proinde
3627 2247 3834 2304 multa-

2187 2335 2364 2390 bitur.
2429 2334 2664 2390 Multam
2721 2352 2852 2392 vero
2886 2335 2980 2392 hic
3010 2352 3124 2392 non
3157 2341 3224 2392 ut
3279 2337 3522 2408 quidam
3566 2338 3831 2394 arbitrati

2188 2429 2343 2491 sunt,
2377 2440 2479 2495 pro
2508 2425 2767 2480 materia:
2799 2425 3254 2497 conflagratione
3295 2425 3698 2498 accipiendam
3728 2444 3831 2499 pu-

2187 2517 2266 2576 to,
2301 2513 2400 2568 sed
2434 2529 2536 2584 pro
2567 2529 2632 2568 eo
2674 2515 2823 2584 quod
2876 2515 3006 2586 quis
3037 2515 3214 2571 divini
3247 2515 3486 2571 luminis
3541 2516 3839 2589 particeps

2191 2603 2620 2674 haudquaquam
2682 2604 2802 2674 fiat,
2835 2620 3024 2677 neque
3089 2607 3363 2662 creatoris
3413 2605 3728 2677 splendore
3758 2608 3843 2662 di-

2187 2708 2334 2761 gnus
2365 2691 2670 2748 habeatur.
2730 2693 2890 2749 Talis
2935 2711 3071 2767 ergo
3114 2694 3200 2752 vir
3233 2694 3598 2766 multabitur,
3634 2704 3688 2752 et
3721 2714 3842 2753 ser-

2187 2782 2432 2838 vabitur.
2487 2783 2705 2848 Quibus
2761 2783 2820 2838 in
2851 2785 3042 2840 verbis
3091 2785 3283 2840 inesse
3330 2786 3562 2841 videtur
3603 2792 3840 2842 contra-

2188 2871 2387 2928 rietas.
2422 2871 2569 2928 Nam
2594 2872 2644 2928 si
2675 2873 2872 2929 multae
2905 2873 3137 2930 nomine
3169 2874 3414 2946 privatio
3441 2874 3716 2941 luminis,
3743 2893 3844 2932 no—

2187 2960 2462 3033 mineque
2508 2963 2715 3019 salutis
2779 2965 3043 3035 ejusdem
3102 2965 3341 3021 luminis
3400 2965 3607 3022 fruitio
3668 2957 3843 3022 intel-

2187 3050 2289 3123 ligi
2329 3051 2556 3121 debeat,
2616 3052 2714 3124 qui
2759 3053 2884 3109 ﬁeri
2915 3053 3147 3126 poterit,
3200 3059 3261 3111 ut
3292 3055 3500 3110 eodem
3557 3056 3840 3126 temporis

2188 3145 2486 3197 momento
2517 3142 2671 3198 idem
2703 3142 2879 3200 homo
2929 3141 3202 3200 multetur
3226 3147 3283 3199 et
3337 3145 3542 3199 salvus
3579 3146 3788 3201 evadat
3817 3146 3841 3199 ‘2

431 3197 534 3203 --η
568 3197 582 3201 -
632 3197 699 3202 η-
731 3197 1468 3217 ---------,,---η-----
1886 3197 2073 3202 ψην-
2591 3197 2601 3198 κ
2663 3197 2667 3198 ν
3236 3197 3279 3199 κ-
3340 3197 3538 3199 _,_,__
3585 3197 3833 3201 -____-_

426 3231 547 3301 ille,
582 3197 677 3304 qui
704 3232 904 3289 vitium
930 3233 1245 3302 consumit,
1299 3238 1355 3288 et
1387 3232 1442 3286 in
1476 3231 1737 3288 favillam
1769 3231 2072 3287 convertit.
2116 3197 2158 3263 θ’
2187 3230 2383 3302 Itaque
2432 3233 2740 3290 sciendum
2786 3237 2894 3302 est,
2945 3233 3153 3290 salutis
3204 3233 3511 3307 emphasin
3558 3235 3669 3291 hoc
3714 3235 3836 3291 loco

425 3323 550 3392 ipse
584 3324 730 3377 Deus
759 3327 867 3389 est,
891 3339 959 3378 ea
988 3324 1060 3377 de
1092 3339 1264 3378 causa
1295 3322 1544 3391 subjecit
1576 3339 1588 3376 :
1628 3322 1748 3376 Dies
1778 3321 1925 3377 enim
1947 3338 2072 3376 ma-

420 3412 706 3484 nifestabit
759 3412 1001 3483 quodin
1078 3414 1205 3479 igne
1262 3417 1464 3467 cuncta
1512 3410 1848 3467 revelantur.
1911 3412 2073 3468 Diem

429 3499 743 3572 Apostolus
776 3499 883 3555 hoc
939 3499 1060 3555 loco
1094 3516 1195 3569 pro
1226 3499 1437 3553 saeculo
1471 3500 1660 3554 futuro
1693 3500 1887 3570 posuit
1921 3517 1934 3554 :
1985 3499 2072 3554 vel

429 3590 568 3661 quia
625 3588 764 3644 solis
816 3604 985 3644 cursu
1047 3605 1159 3643 non
1220 3588 1302 3644 ita
1335 3588 1574 3659 regitur,
1607 3593 1671 3643 ut
1702 3589 1822 3644 dies
1853 3589 1947 3657 sit,
1983 3590 2072 3645 cui

426 3697 560 3736 mox
589 3678 849 3735 vicissim
911 3679 1184 3734 succedat
1214 3695 1227 3734 ε
1266 3677 1352 3733 vel
1386 3677 1520 3748 quia
1550 3679 1596 3733 si
1624 3694 1754 3734 cum
1805 3679 2072 3750 praesenti

419 3770 538 3824 vita
570 3770 916 3832 conferatur,
977 3769 1098 3824 dies
1128 3768 1282 3824 nocti
1317 3767 1531 3824 similis
1591 3775 1699 3826 est.
1747 3769 1877 3825 Haec
1933 3785 2070 3841 ergo

416 3859 550 3928 dies,
599 3859 807 3931 inquit,
843 3859 1221 3929 mamfestabit
1250 3859 1399 3932 quod
1430 3859 1629 3914 omnia
1660 3860 1721 3914 in
1751 3860 1882 3929 igne
1920 3875 2068 3915 reue-

420 3949 629 4006 lantur.
680 3950 910 4005 Czeteris
941 3949 1096 4004 enim
1123 3948 1370 4019 judiciis
1405 3948 1743 4019 antiquatis,
1794 3948 2069 4020 omnique

417 4039 692 4094 tormenti
755 4043 810 4094 et
867 4038 1266 4109 inquisitionis
1324 4055 1532 4108 genere
1583 4039 1820 4110 longum
1876 4038 2069 4094 valere

415 4131 605 4200 jussu,
639 4145 875 4200 operum
910 4134 1240 4184 nostrorum
1266 4130 1555 4198 judicium
1590 4145 1782 4184 coram
1807 4129 1928 4185 solo
1957 4131 2065 4185 Deo

421 4221 586 4274 nobis
615 4221 1043 4289 superfuturum
1076 4237 1204 4275 esse
1231 4225 1479 4276 constat.
1514 4219 1720 4276 Nullus
1761 4221 1913 4275 enim
1947 4221 2066 4277 illic

419 4311 542 4376 erit,
577 4311 673 4380 qui
705 4327 896 4366 rerum
956 4311 1520 4365 administrationem
1579 4310 1706 4366 aliis
1753 4311 2066 4369 ambitione

418 4403 773 4470 extorqueat,
837 4400 1181 4470 autjudicia
1239 4399 1672 4468 circumveniat,
1707 4408 1804 4456 aut
1846 4401 2065 4471 judicis

419 4491 776 4546 voluntatem
811 4489 919 4545 sibi
953 4490 1241 4556 conciliet,
1268 4495 1368 4544 aut
1401 4491 1581 4560 legem
1615 4490 1871 4546 divinam
1902 4491 2064 4546 etin-

2183 3319 2358 3375 aliam
2406 3336 2532 3377 esse
2576 3322 2649 3378 ab
2703 3338 2792 3392 ea,
2825 3339 2949 3394 quae
2983 3323 3152 3396 vulgo
3207 3323 3460 3380 inolevit.
3517 3324 3639 3380 Hoc
3679 3324 3834 3380 enim

2183 3407 2308 3464 loco
2366 3411 2604 3466 verbum
2633 3415 2848 3468 servari
2879 3411 3334 3484 haudquaquam
3386 3412 3636 3468 salutem
3700 3430 3832 3483 pro-

2182 3499 2389 3555 mereri
2421 3500 2733 3572 significat,
2765 3502 2868 3557 sed
2901 3501 3035 3573 igne
3065 3518 3181 3557 non
3208 3503 3458 3568 absumi,
3483 3508 3588 3557 aut
3621 3504 3835 3558 conﬂa-

2179 3604 2347 3661 grare
2377 3606 2390 3644 ε
2425 3591 2894 3662 quandoquidem
2925 3592 3296 3647 adamantem
3335 3608 3566 3663 quoque
3602 3593 3663 3646 in
3697 3594 3832 3665 igne

2179 3679 2392 3734 servari
2425 3678 2669 3735 dicimus
2715 3679 3108 3752 nonnullaque
3139 3681 3465 3737 animantia
3495 3682 3829 3738 fornacibus

2177 3767 2414 3823 admota
2471 3770 2691 3824 servari
2749 3770 3177 3841 quodammodo
3223 3770 3520 3840 dicuntur,
3593 3771 3822 3841 quoties

2176 3859 2332 3930 ignis
2363 3858 2612 3915 calorem
2638 3860 2956 3931 perferunt,
2988 3876 3095 3916 nec
3129 3865 3377 3916 uruntur
3410 3866 3508 3915 aut
3537 3859 3818 3915 mutilaa-

2174 3951 2287 4003 tur.
2318 3947 2563 4004 Proinde
2608 3953 2866 4005 servatus
2919 3948 2980 4004 in
3013 3951 3145 4022 igne
3176 3951 3226 4005 is
3271 3967 3509 4021 quoque
3552 3949 3662 4003 dici
3709 3966 3823 4020 po-

2174 4041 2307 4108 test,
2363 4037 2456 4107 qui
2515 4037 2815 4108 multatur,
2844 4053 2974 4093 cum
3018 4039 3343 4111 przcsertim
3391 4041 3468 4094 sit
3510 4039 3830 4094 immortali

2173 4143 2411 4198 corpore
2441 4127 2738 4200 praeditus,
2772 4129 2927 4200 quod
2961 4145 3064 4186 nec
3099 4129 3492 4184 incisionibus
3526 4128 3680 4190 ullis,
3721 4145 3830 4184 nec

2171 4218 2574 4275 adustionibus
2605 4219 2923 4276 obnoxium
2955 4225 3064 4277 est.
3101 4220 3262 4284 Quod
3296 4225 3494 4276 autem
3550 4219 3664 4274 hoc
3695 4236 3833 4275 sen-

2171 4323 2234 4364 su
2266 4309 2505 4364 verbum
2535 4311 2747 4365 servari
2772 4310 3056 4382 capiatur,
3091 4326 3158 4366 ex
3188 4328 3254 4366 eo
3289 4315 3466 4382 patet,
3493 4309 3655 4383 quod
3686 4311 3834 4366 sub-

2165 4401 2303 4471 jecit
2331 4401 2664 4472 Apostolus.
2705 4406 3020 4474 Postquam
3070 4404 3228 4459 enim
3263 4404 3412 4458 dixit
3442 4406 3604 4475 :Ipse
3643 4411 3839 4458 autem

2168 4491 2496 4556 seruabitur,
2550 4492 2789 4548 modum
2845 4508 3074 4564 quoque
3130 4492 3379 4560 addidit,

3457 4491 3549 4546 his
3605 4493 3837 4560 verbis,

416 4581 726 4636 solubilem
771 4580 1075 4634 immutet:
1132 4580 1188 4633 Si
1218 4581 1376 4651 cujus
1417 4596 1542 4650 ergo
1601 4597 1732 4651 opus
1772 4583 2056 4650 manserit,
2091 4569 2144 4637 D
2176 4583 2437 4651 tanquam
2461 4596 2560 4652 per
2576 4581 2783 4651 ignem,
2822 4597 2926 4638 nec
2959 4582 3138 4651 enim,
3172 4581 3388 4654 inquit,
3415 4581 3834 4653 prestautiore

419 4669 557 4740 quod
660 4668 1140 4739 superwdiﬁcavtt,
1232 4671 1537 4727 mercedem
1638 4670 1938 4741 accipiet:
2012 4689 2061 4728 se

417 4759 577 4828 cujus
627 4763 808 4813 autem
874 4775 1005 4830 Opus
1071 4761 1295 4824 arserit,
1356 4761 1704 4814 multabitur.
1775 4762 2056 4826 Quemad-

421 4849 652 4904 modum
688 4848 843 4902 eniz'n
899 4848 944 4903 si
979 4855 1241 4905 nostrum
1275 4849 1428 4904 hunc
1460 4849 1517 4903 in
1559 4849 1774 4920 ignem,
1810 4851 1907 4920 qui
1938 4866 2064 4906 sen-

417 4939 582 4994 sibus
631 4942 718 4993 est
749 4937 1068 5010 expositus,
1114 4936 1360 4994 materia
1417 4939 1704 5010 quaepiam
1757 4955 1890 4994 cum
1951 4939 2064 4996 alia

417 5029 783 5102 conjiciatur,
833 5045 958 5101 qua:
989 5044 1131 5100 pura
1165 5044 1409 5098 vereque
1441 5045 1614 5084 aurea
1657 5029 1750 5097 sit,
1786 5029 1968 5097 magis
1998 5046 2064 5085 ac

418 5122 607 5193 magis
669 5121 726 5174 in
786 5119 1016 5174 fornace
1074 5117 1471 5188 splendescit:
1533 5125 1588 5174 et
1619 5134 1730 5190 quo
1772 5119 2065 5176 efficacior

415 5209 566 5281 ignis
596 5215 700 5278 est,
736 5225 800 5265 eo
841 5209 1012 5264 etiam
1050 5224 1140 5262 res
1170 5207 1227 5262 in
1261 5223 1388 5263 eum
1435 5210 1687 5279 conjecta
1722 5208 2065 5280 pellucidior

415 5300 621 5356 evadit.
682 5301 738 5354 Si
799 5298 940 5370 quid
1000 5314 1132 5353 vero
1192 5297 1411 5369 plumbi
1477 5302 1578 5353 aut
1635 5300 1830 5354 stanni
1894 5298 2066 5370 parti-

417 5403 551 5457 ceps
582 5391 642 5444 in
675 5391 943 5445 eumdem
979 5387 1217 5455 incidat,
1255 5388 1500 5443 materia
1529 5389 1812 5446 deteriore
1847 5406 2066 5446 assum-

421 5478 519 5542 pta
563 5477 841 5543 pristinus
898 5477 993 5532 ille
1036 5493 1231 5532 massae
1286 5485 1480 5534 tumor
1538 5479 1949 5539 imminuitur:
1984 5487 2064 5542 ita

421 5559 595 5613 etiam
656 5575 1036 5634 posteaquam
1074 5566 1342 5621 homines
1381 5568 1557 5624 simul
1589 5585 1788 5627 omnes
1820 5573 1940 5645 igni
1973 5575 2063 5630 di-

415 5645 555 5702 vino
613 5653 668 5703 et
727 5651 1090 5724 purgatorio,
1149 5653 1256 5724 ipsi
1315 5656 1550 5730 inquam
1611 5658 1746 5727 Deo,
1826 5665 2064 5735 propius

2171 4668 2376 4737 salute,
2437 4671 2534 4726 sed
2567 4670 2849 4728 deteriore
2882 4671 3126 4738 fruetur,
3158 4688 3224 4728 ea
3256 4671 3562 4738 nimirum,
3597 4688 3733 4743 qua:
3770 4673 3836 4727 ﬁt

2175 4775 2277 4830 per
2302 4759 2520 4831 ignem.

2245 4858 2521 4930 Origenes
2553 4874 2688 4930 ergo
2721 4858 2880 4929 hinc,
2915 4863 2980 4915 ut
3028 4859 3169 4928 dixi,
3213 4863 3449 4930 arrepta
3497 4861 3834 4932 occasione,

2175 4948 2402 5003 animas
2426 4947 2669 5019 pristino
2702 4949 2880 5004 statui
2902 4948 3297 5004 restituendas
3319 4963 3449 5004 esse
3481 4949 3832 5005 conﬁrmat:

2175 5041 2317 5095 dum
2358 5037 2711 5110 supplicium
2766 5037 2934 5106 illud,
2967 5039 3121 5109 quod
3180 5039 3240 5094 in
3283 5039 3464 5094 sacris
3496 5038 3835 5111 Evangeliis

2173 5132 2451 5183 internum
2485 5127 2716 5194 dicitur,
2743 5144 2857 5183 non
2880 5127 3078 5184 minus
3107 5131 3283 5200 atque
3313 5129 3602 5200 gaudium
3627 5146 3840 5202 perpe-

2173 5233 2298 5272 ram
2330 5217 2744 5288 interpretatur
2803 5221 3113 5288 aperteque
3163 5217 3534 5274 demonstrat
3594 5219 3746 5285 fore,
3777 5224 3838 5276 ut

2174 5305 2404 5373 animae,
2438 5322 2563 5376 quae
2595 5309 2828 5377 peccato
2861 5305 3038 5378 lapses
3071 5310 3378 5362 materiem
3409 5306 3694 5363 vitiorum
3723 5309 3837 5364 sibi

2174 5394 2554 5466 aggesserint,
2587 5394 2870 5466 tantisper
2901 5394 2960 5450 in
2993 5395 3124 5466 igne
3155 5399 3451 5462 maneant,
3485 5397 3634 5451 dum
3668 5399 3840 5453 vitio-

2173 5503 2304 5542 rum
2338 5503 2572 5543 suorum
2597 5487 2795 5542 sordes
2809 5487 3196 5543 absumantur
3219 5505 3232 5543 :
3258 5488 3472 5559 quibus
3496 5490 3835 5562 assumptis

2174 5576 2287 5632 illae
2317 5578 2506 5632 denuo
2529 5577 2929 5646 servabuntur,
2961 5580 3338 5649 posteaquam
3373 5578 3638 5634 ﬂammis
3675 5596 3840 5636 exco-

2174 5670 2276 5722 ctce
2300 5670 2356 5722 et
2385 5679 2712 5738 expurgatae
2745 5665 2978 5732 fuerint,
3009 5665 3092 5723 ita
3121 5674 3310 5723 tamen
3348 5669 3411 5722 ut
3443 5668 3674 5727 vermis
3707 5671 3833 5725 sine.
