4058 6212
236 413 384 477 1313

1562 391 1959 462 THESAURI
2003 395 2155 455 LIB.
2202 392 2306 455 IV.

3485 401 3639 463 1314

237 549 346 604 fine
370 545 732 618 permaneat,
769 558 874 598 nec
905 540 1174 614 gehenna
1204 536 1637 611 exstinguatur,
1662 545 1871 605 quem-
1906 529 1961 597 Α
1990 526 2336 618 negligenda
2364 543 2492 585 esse
2521 529 2828 598 duxerunt,
2864 531 2961 586 sed
2984 532 3351 591 Antiochiam
3380 535 3453 590 ad
3484 535 3635 591 hanc

239 636 553 695 admodum
585 632 872 689 Dominus
906 633 964 687 in
990 628 1321 702 Evangeliis
1352 628 1451 696 ait,
1474 630 1540 682 ut
1569 623 1679 680 hoc
1712 622 1879 694 pacto

235 728 571 787 stimuletur
632 727 690 781 in
752 729 1077 798 posterum,
1127 723 1545 792 reiricetnrque
1602 710 1881 772 memoria

236 818 435 875 divinae
465 815 851 872 humanitatis
902 814 960 869 in
994 813 1231 880 animis,
1265 829 1394 884 qu'r
1445 826 1479 865 a
1522 803 1881 880 perennibus

234 909 394 965 hisce
423 904 729 980 suppliciis
758 904 1015 960 liberatas
1046 902 1284 959 fuerint.

847 1032 1002 1089 CAP.
1033 1029 1261 1087 XXXII.

244 1143 534 1203 Tricesima
563 1141 825 1207 secunda,
871 1138 1039 1195 Pauli
1066 1135 1447 1198 Samosateni;
1478 1134 1537 1191 hi
1567 1138 1879 1206 unguntur.

304 1251 520 1308 Paulus
541 1249 637 1304 hic
666 1246 1001 1314 Samosatis,
1025 1245 1083 1300 in
1106 1242 1523 1317 MesOpotamia
1550 1244 1735 1306 ortus,
1762 1244 1882 1295 An-

239 1340 441 1397 tiochea
482 1353 711 1410 magnae
754 1335 985 1409 praefuit
1028 1339 1159 1407 post
1203 1331 1660 1397 Demetrianum,
1710 1329 1875 1385 deci-

241 1428 659 1501 munquintum
691 1427 819 1497 ejus
860 1424 1021 1481 urbis
1050 1424 1430 1495 episcopum:
1470 1420 1570 1492 qui
1604 1434 1738 1476 cum
1774 1419 1883 1474 Ze-

241 1520 427 1577 nobiaa
486 1517 928 1588 obsequeretur,
982 1514 1040 1570 in
1088 1511 1577 1569 absurdissimum
1632 1507 1881 1567 haeresin

241 1608 552 1683 prolapsus
580 1613 688 1662 est.
720 1605 853 1669 Quae
885 1619 1056 1677 porro
1088 1603 1159 1658 de
1187 1601 1439 1658 Zenobia
1462 1597 1885 1655 circumferun-

242 1705 357 1769 tur,
389 1699 468 1753 ita
499 1713 561 1752 se
590 1694 825 1751 habent.
849 1693 970 1758 Quo
1001 1696 1265 1763 tempore
1295 1687 1570 1745 Galienus
1596 1683 1886 1744 Valeriani

242 1788 393 1843 ﬁlius
425 1784 708 1842 Romanis
733 1782 1081 1854 imperabat,
1114 1778 1406 1835 Macrinus
1437 1777 1495 1832 in
1527 1774 1884 1832 euminsur-

246 1878 411 1934 rexit.
461 1873 842 1932 Odcnnathus
898 1876 1097 1927 autem
1155 1868 1452 1940 Palmyriaa
1494 1863 1884 1937 metropoleos

246 1967 470 2025 Arabire
517 1966 788 2038 princeps
836 1962 1141 2018 Galienum
1187 1959 1481 2031 juvabat:
1532 1957 1887 2027 quapropter

247 2058 338 2115 hic
369 2055 614 2113 victoria
635 2060 821 2128 parta,
845 2050 1413 2110 administrationem
1437 2047 1614 2104 totius
1635 2044 1888 2102 Orientis

248 2148 330 2205 illi
362 2145 742 2205 concredidit.

314 2240 598 2297 Craterum
630 2234 997 2301 Odennatho,
1029 2250 1063 2289 a
1094 2232 1430 2290 domesticis
1471 2246 1643 2301 caeso,
1674 2245 1780 2286 nec
1809 2228 1890 2284 ita

247 2328 429 2386 multo
462 2329 594 2399 post
623 2325 860 2381 Galieno
891 2322 1008 2379 vita
1039 2323 1339 2390 defuncto,
1370 2319 1657 2377 successit
1688 2318 1749 2372 in
1772 2317 1885 2371 im-

246 2418 475 2492 perium
525 2414 826 2481 Claudius,
859 2429 1034 2485 quem
1066 2429 1203 2468 cum
1234 2416 1421 2466 Persm
1451 2409 1608 2465 bello
1639 2406 1888 2463 devicis-

246 2510 395 2576 sent,
421 2504 731 2562 Zenobiam
765 2500 1092 2557 Odennathi
1122 2499 1435 2569 conjugem
1466 2498 1639 2569 Syriae
1664 2493 1891 2549 Phoeni-

247 2597 465 2667 ciaeque
520 2593 919 2666 praefecerunt.
969 2590 1115 2645 Cum
1164 2602 1300 2642 vero
1360 2585 1532 2658 paulo
1584 2587 1717 2656 post
1765 2582 1891 2654 ipse

247 2698 481 2757 quoque
534 2679 811 2736 Claudius
857 2695 888 2734 e
927 2677 1075 2732 vivis
1124 2675 1491 2743 excessisset,
1541 2672 1892 2729 Aurelianus

247 2773 567 2843 imperator
596 2776 827 2825 creatus
858 2770 1063 2823 contra
1089 2765 1402 2822 Zenobiam
1434 2764 1749 2819 exercitum
1769 2778 1892 2817 mo-

248 2861 369 2917 vit:
416 2875 659 2931 eamque
689 2856 978 2930 captivam
1021 2855 1284 2911 abduxit.
1318 2852 1461 2909 Huic
1492 2868 1650 2925 ergo,
1685 2866 1895 2924 quem-

251 2950 566 3006 admodum
617 2947 895 3016 diximus,
941 2944 1266 3001 etiamnum
1312 2941 1589 3014 praedicta
1624 2940 1751 2997 loca
1802 2956 1893 2997 re—

250 3040 406 3114 genti
439 3054 570 3095 eum
602 3036 821 3094 Paulus
866 3034 1110 3105 obsequi
1144 3033 1340 3101 vellet,
1389 3035 1454 3087 ut
1499 3047 1624 3103 quae
1663 3028 1895 3085 Judais-

250 3145 413 3186 mum
449 3126 837 3201 proﬁteretur,
884 3125 1012 3197 ipse
1058 3139 1293 3196 quoque
1336 3137 1517 3177 unum
1551 3136 1681 3177 esse
1710 3119 1894 3175 Deum

249 3219 469 3287 docuit,
521 3217 621 3289 qui
665 3220 849 3289 pater,
911 3218 970 3271 et
1017 3213 1218 3280 Filius,
1271 3214 1329 3268 et
1357 3211 1612 3284 Spiritus
1653 3213 1893 3266 sanctus

250 3325 406 3365 unus
436 3308 709 3378 idemque
745 3305 1057 3361 diceretur.
1090 3302 1254 3359 Unus
1284 3300 1463 3365 enim,
1494 3299 1711 3373 inquit,
1746 3300 1894 3355 Deus

250 3403 361 3469 est,
385 3402 442 3454 et
471 3395 654 3453 Filius
686 3395 812 3466 ejus
844 3394 906 3450 in
931 3409 1019 3464 eo,
1048 3391 1544 3464 quemadmodum
1572 3391 1631 3445 in
1665 3389 1901 3445 homine

251 3504 466 3545 sermo.
506 3489 639 3559 Ipse
658 3488 853 3541 autem
883 3484 1085 3539 Sermo
1113 3498 1245 3538 cum
1282 3483 1342 3538 in
1367 3485 1584 3537 terram
1621 3478 1898 3547 venisset,

251 3576 535 3634 habitavit
572 3575 632 3630 in
663 3573 922 3642 homine,
955 3572 1056 3644 qui
1086 3575 1260 3628 Jesus
1287 3570 1609 3636 dicebatur,
1639 3567 1899 3640 comple-

251 3672 431 3739 taqne
478 3663 936 3737 dispensatione,
990 3661 1254 3719 ascendit
1300 3661 1373 3715 ad
1422 3659 1673 3714 Patrem.
1724 3657 1899 3714 Jesus

249 3773 386 3813 vero
438 3754 707 3811 Christus
747 3751 985 3809 inferior
1037 3754 1148 3816 est,
1181 3749 1279 3821 qui
1313 3765 1383 3805 ex
1431 3747 1616 3803 Maria
1662 3746 1898 3802 initium

252 3843 551 3901 habuerit.

327 3932 679 4004 Hujusmodi
718 3946 855 4003 ergo
899 3928 1066 3986 Pauli
1096 3929 1310 4000 dogma
1341 3925 1470 3994 fuit,
1506 3926 1658 3997 quod
1685 3924 1897 3998 partim

255 4040 390 4080 cum
421 4023 600 4079 Noeto
630 4025 688 4078 et
724 4019 973 4077 Sabellio
1026 4017 1336 4085 consentit,
1377 4016 1593 4087 partim
1625 4016 1699 4069 ab
1741 4019 1900 4070 ntro-

256 4130 370 4186 que
400 4112 730 4168 discordat:
758 4107 1235 4182 quandoquidem
1268 4104 1353 4159 illi
1384 4120 1619 4175 quoque
1654 4103 1810 4157 inter
1838 4117 1900 4156 se

256 4206 668 4278 quadantenus
715 4202 1140 4258 dissenserunt.
1183 4197 1261 4252 Eo
1304 4195 1462 4251 enim
1517 4194 1671 4265 quod
1716 4208 1899 4248 unum

254 4295 464 4363 Deum,
492 4292 662 4365 quasi
703 4291 887 4348 tribus
925 4288 1271 4345 distinctum
1306 4284 1572 4356 personis
1606 4287 1896 4339 asserunt.

252 4384 453 4441 hitrcs
484 4384 637 4438 inter
666 4397 728 4438 se
758 4377 1135 4436 conveniunt:
1170 4375 1227 4431 in
1260 4374 1370 4431 hoc
1402 4378 1597 4429 autem
1622 4372 1901 4428 dili‘ernnt

254 4474 413 4547 quod
458 4473 676 4529 Noetus
718 4470 956 4543 quidem
987 4468 1214 4523 Patrem
1256 4464 1454 4536 ipsum
1485 4462 1545 4519 in
1597 4462 1784 4518 forma
1844 4464 1901 4517 et

249 4563 491 4620 nomine
528 4577 771 4635 passum
803 4574 932 4616 esse
962 4556 1124 4624 dicit,
1159 4554 1447 4611 Sabellius
1474 4557 1671 4609 autem
1703 4553 1897 4625 ipsum

1933 3270 1976 3337 ρ
2078 3239 2328 3337 usus.
2359 3245 2420 3337 εί
2437 3241 2775 3337 εέξξίέςλῑίῖξιέν

1986 616 2233 673 hesresin
2264 634 2295 673 e
2349 618 2539 675 medio
2571 618 2891 676 tollendam
2924 628 3340 680 convenerunt.
3374 624 3633 680 Concilio

1986 710 2274 777 praeerant
2302 707 2644 765 Theodorus
2701 711 2829 780 (53),
2867 711 2968 782 qui
3001 716 3057 767 et
3079 713 3395 784 Gregorius
3428 715 3633 770 miriﬁ-

1987 812 2113 863 cus,
2160 796 2645 855 Neocaesariensis
2675 800 3004 871 episcopus,
3065 802 3469 859 Athenodorus
3510 806 3636 874 ejus

1987 885 2187 955 frater,
2220 887 2323 958 qui
2367 888 2740 944 Ponticarum
2773 889 3171 947 Ecclesiarum
3216 891 3319 947 uni
3369 899 3637 965 praeerat,

1985 973 2368 1032 Firmilianus
2398 976 2806 1046 Neoczesarete,
2840 995 2974 1051 quas
3004 980 3062 1034 in
3123 980 3491 1053 Cappadocia
3521 989 3632 1053 est,

1986 1063 2322 1137 episcopus,
2355 1064 2608 1122 Helenus
2646 1067 2834 1137 Tarsi,
2881 1074 3107 1125 Ieomas
3142 1068 3343 1141 Iconii,
3389 1072 3637 1144 Hyemc-

1987 1169 2172 1221 mens,
2206 1154 2757 1229 Hierosolymorum,
2792 1158 3160 1214 Theotecnus
3193 1162 3484 1229 Cmsareaz,
3510 1177 3635 1233 quas

1987 1242 2047 1298 in
2078 1243 2388 1300 Palmstina
2414 1252 2524 1313 est,
2548 1248 2835 1303 Maximus
2867 1252 3230 1317 Bostrorum,
3254 1254 3310 1306 ct
3330 1252 3638 1308 Anatolius

1991 1332 2304 1404 Laodicea),
2338 1351 2467 1406 qua:
2498 1335 2675 1407 Syria:
2709 1336 2955 1392 ﬁnitima
3006 1342 3116 1407 est,
3152 1338 3464 1411 episcopus
3516 1357 3642 1395 ma-

1989 1438 2144 1495 gnus
2176 1427 2369 1479 autem
2401 1423 2499 1480 ille
2530 1426 2844 1498 Dionysius
2870 1426 3298 1484 Alexandrinus
3331 1445 3444 1500 prae
3476 1430 3639 1487 senio

1991 1514 2275 1570 interesse
2296 1515 2533 1585 quidem
2568 1533 2682 1572 non
2717 1517 2927 1587 potuit,
2963 1516 3175 1573 litteris
3203 1522 3397 1575 tamen
3421 1536 3519 1576 eos
3541 1520 3641 1592 qui

1992 1608 2410 1671 convenerunt,
2445 1606 2517 1660 ad
2549 1605 2811 1684 veritatis
2836 1608 3363 1678 prepugnationem
3391 1612 3639 1667 exacuit.

2063 1690 2274 1748 Coacta
2321 1697 2516 1749 autem
2556 1694 2778 1766 synodo
2830 1693 3045 1750 Paulus
3095 1695 3320 1752 inﬁcias
3382 1697 3465 1753 ire
3516 1700 3642 1769 jam

1993 1785 2231 1852 paratus
2262 1786 2403 1853 erat,
2439 1799 2571 1839 cum
2626 1783 2980 1854 Malachion,
3023 1784 3123 1855 qui
3179 1792 3350 1841 antea
3399 1786 3635 1858 quidem

1995 1872 2378 1944 sophisticam
2410 1882 2592 1928 artem
2624 1878 2985 1942 exercuerat,
3016 1878 3217 1946 postea
3244 1891 3376 1931 vero
3403 1876 3644 1949 presby-

1993 1962 2125 2017 terii
2200 1961 2482 2033 dignitate
2534 1966 2847 2017 exornatus
2906 1964 3117 2029 fuerat,
3183 1964 3642 2036 disputationem

1994 2050 2277 2109 adversus
2298 2049 2463 2105 illum
2488 2050 2766 2106 instituit.
2786 2055 3047 2123 Cumque
3078 2051 3188 2107 hoc
3219 2057 3387 2123 pacto
3411 2054 3642 2109 detecta

1994 2141 2156 2196 fraus
2178 2139 2306 2210 ejus
2328 2143 2501 2208 esset,
2526 2140 2626 2211 qui
2647 2138 2946 2196 Christum
2982 2139 3274 2197 hominem
3307 2141 3505 2198 divina
3526 2159 3642 2214 prae

1995 2227 2217 2285 caeteris
2266 2228 2455 2300 gratia
2505 2233 2850 2285 exornatum
2893 2229 3131 2296 diceret,
3181 2246 3212 2285 e
3262 2232 3638 2287 sacerdotum

1996 2321 2147 2375 cmtu
2180 2321 2524 2390 segregatus
2557 2319 2764 2375 merito
2786 2321 2894 2375 est.
2926 2319 3071 2384 Quia
3095 2335 3230 2375 vero
3261 2321 3640 2377 ecclesiastici

1997 2425 2060 2465 se
2092 2408 2143 2463 ei
2171 2412 2585 2479 opposuerant,
2619 2408 2928 2465 Aureliano
2960 2414 3102 2466 tunc
3130 2410 3414 2482 temporis
3452 2410 3642 2482 impo-

1996 2497 2146 2554 ranti
2178 2496 2432 2554 haereses
2461 2497 2588 2568 ejus
2620 2500 3040 2571 patefecerunt,
3089 2504 3644 2573 persuaserantque,

1998 2592 2066 2644 ut
2096 2589 2168 2644 ab
2200 2589 2452 2644 Ecclesia
2482 2588 2651 2644 illum
2679 2589 3037 2645 exturbaret.
3066 2589 3341 2655 Quamvis
3371 2589 3650 2646 enimille

1997 2676 2291 2735 idolorum
2320 2678 2505 2734 cultui
2538 2679 2770 2735 deditus
2808 2682 2985 2746 esset,
3024 2696 3255 2751 aequum
3308 2685 3505 2736 tamen
3538 2680 3647 2735 exi-

1999 2767 2291 2837 stimabat,
2326 2776 2387 2824 ut
2420 2770 2519 2840 qui
2548 2769 2811 2840 ejusdem
2847 2768 2980 2824 fidei
3011 2770 3381 2826 consortibus
3411 2778 3641 2825 contra-

2000 2858 2239 2926 diceret,
2272 2858 2322 2914 is
2353 2858 2424 2912 ab
2455 2874 2658 2914 eorum
2693 2862 2866 2927 cmtu,
2907 2859 3205 2914 communi
3238 2860 3498 2915 omnium
3524 2858 3643 2915 cal-

1999 2946 2129 3003 culo
2160 2947 2577 3005 secluderetur.

2310 3072 2595 3114 THEODORI
2636 3072 2993 3114 SCUTARIOTE
3030 3073 3324 3115 SCEOLION.

2003 3165 2192 3221 Sciant
2240 3166 2460 3223 lectores
2490 3166 2591 3222 hoc
2639 3166 2991 3224 Samosateno
3021 3167 3202 3224 Paulo
3245 3167 3506 3239 deposito,
3538 3167 3655 3239 cte-

2774 3256 2833 3305 n,
2866 3255 3013 3366 gnos
3042 3238 3381 3310 instituerat,
3430 3238 3652 3293 nullum

2796 3310 2863 3365 Se
2921 3311 3056 3366 auia
3074 3326 3259 3366 omnes
3279 3313 3341 3365 in
3368 3308 3652 3366 sanctissi-

2079 3324 2192 3365 esse
2211 3325 2332 3365 cum
2360 3326 2420 3365 eo
2450 3310 2767 3381 depositum.
2796 3308 2901 3366 Sed
2921 3311 3056 3382 quia
3074 3326 3259 3367 omnes
3279 3313 3341 3365 in
3366 3308 3654 3366 sanctissi-

2075 3398 2293 3437 morum
2328 3386 2563 3454 Patrum
2590 3391 2919 3446 nostrorum,
2954 3399 2989 3438 a
3017 3383 3215 3454 quibus
3243 3383 3344 3438 ille
3373 3382 3653 3454 depositus

2079 3464 2175 3522 est,
2222 3453 2546 3509 sententiam
2570 3454 2800 3525 pedibus
2825 3456 3061 3523 inerant,
3091 3453 3292 3511 idcirco
3313 3453 3651 3524 suisdigni-

2081 3542 2283 3597 tatibus
2309 3541 2524 3611 singuli
2553 3544 2803 3599 restituti
2829 3551 2978 3600 sunt.

2326 3650 2601 3707 Haereseos
2619 3651 2976 3721 prmeedentis
3005 3652 3330 3722 confulatio.

2078 3756 2292 3811 Paulus
2323 3756 2745 3813 Samosatenus
2802 3761 2959 3813 terra
3002 3761 3127 3811 erat
3173 3772 3279 3812 nec
3338 3756 3512 3823 bona,
3547 3770 3651 3810 nec

2005 3843 2234 3913 fertilis,
2253 3859 2359 3900 nec
2377 3844 2584 3899 divinae
2600 3846 2845 3903 sementi
2866 3843 3369 3908 accommoda,sed
3385 3844 3652 3900 sentibus

2005 3937 2061 3989 et
2082 3932 2316 3988 tribulis
2340 3932 2610 3987 horrida:
2636 3933 2916 3987 nimirum
2940 3933 3225 4005 dogmatis
3257 3932 3329 3988 ab
3352 3931 3652 4004 inculpata

2005 4026 2061 4077 et
2080 4020 2405 4075 orthodoxa
2436 4020 2549 4074 fide
2579 4024 2780 4076 nostra
2810 4019 3200 4076 dissentaneis
3227 4020 3255 4075 Ἰ
3278 4024 3453 4092 atque
3482 4021 3653 4092 adeo,

2006 4115 2071 4165 ut
2107 4109 2188 4164 ita
2236 4108 2447 4178 dicam,
2508 4107 2706 4165 cloaca
2741 4110 3023 4181 quaepiam
3079 4124 3312 4165 omnum
3366 4110 3649 4180 ejectans,

2006 4200 2159 4272 quod
2193 4198 2254 4256 in
2307 4199 2400 4254 Dei
2435 4199 2641 4255 Filium
2672 4199 2762 4256 vel
2796 4200 2908 4272 ipsi
2951 4201 3167 4272 posteri
3199 4200 3648 4273 ejacularentur.

2004 4293 2084 4344 Ex
2114 4289 2221 4345 hoc
2243 4288 2400 4347 enim
2429 4304 2562 4344 cum
2592 4289 2892 4346 Nestorius
2923 4289 3230 4359 hausisset,
3265 4294 3441 4361 atque
3471 4290 3654 4346 bibis-

2006 4381 2115 4447 set,
2148 4393 2279 4433 eum
2333 4378 2558 4433 nudum
2591 4382 2649 4433 et
2670 4377 3006 4451 simplicem
3041 4379 3334 4435 hominem
3366 4395 3518 4446 esse,
3550 4379 3652 4450 qui

2007 4484 2205 4526 revera
2232 4469 2383 4524 Deus
2411 4471 2553 4539 erat,
2595 4468 2872 4537 asseruit,
2906 4471 2970 4523 ut
3018 4466 3392 4541 eXplanatius
3448 4468 3508 4523 in
3538 4468 3653 4524 Ne-

2007 4558 2267 4614 storiana
2297 4559 2561 4614 dicemus
2622 4557 2883 4615 historia.
2917 4558 3127 4615 Paulus
3156 4558 3350 4631 itaque
3398 4557 3651 4615 Sabellio

249 4654 486 4726 quidem
516 4657 771 4721 Patrem,
814 4653 873 4706 at
902 4665 1020 4705 non
1077 4651 1144 4702 ut
1187 4648 1439 4715 Patrem,
1501 4644 1604 4700 sed
1664 4646 1729 4700 ut
1772 4641 1901 4698 Filii
1935 4639 1978 4704 D
2012 4652 2070 4705 et
2098 4647 2276 4704 Noeto
2333 4646 2583 4720 Ephesio
2632 4653 3023 4706 consentanea
3070 4649 3394 4722 professus,
3444 4648 3650 4705 inanes

249 4760 506 4816 persona
531 4742 847 4799 indutum:
881 4736 1100 4795 Paulus
1137 4735 1386 4807 denique
1418 4750 1533 4791 non
1568 4748 1806 4807 prorsus
1839 4734 1904 4789 ut

247 4833 510 4902 Patrem,
541 4832 640 4889 sed
674 4835 739 4887 ut
766 4827 1001 4885 Filium.

322 4926 514 4995 Atque
543 4922 666 4978 haec
688 4927 841 4989 sunt,
878 4920 936 4975 in
970 4917 1185 4989 quibus
1207 4915 1305 4974 hic
1332 4914 1419 4973 vel
1448 4930 1579 4972 cum
1608 4912 1901 4987 praedictis

244 5011 659 5071 hmresiarchis
716 5009 1054 5075 concordat,
1084 5006 1174 5063 vel
1220 5006 1291 5062 ab
1343 5005 1547 5062 iisdem
1606 5004 1898 5060 dissentit.

242 5106 463 5175 Aperte
502 5116 635 5158 vero
677 5115 815 5157 cum
860 5102 1175 5153 Artemona
1204 5100 1261 5152 et
1306 5095 1606 5152 Theodoro
1656 5092 1901 5150 coriario

246 5191 570 5261 consentit,
628 5189 730 5263 qui
759 5189 1075 5245 Dominum
1107 5185 1311 5243 Jesum
1342 5184 1641 5240 Christum
1673 5183 1896 5239 nudum

245 5287 309 5340 et
340 5281 674 5355 simplicem
701 5279 1000 5336 hominem
1034 5275 1340 5349 perspicue
1372 5273 1632 5329 tradunt.

318 5377 459 5439 Qum
480 5388 613 5430 eum
650 5371 732 5427 ita
762 5386 825 5426 se
844 5368 1060 5425 habere
1080 5364 1471 5422 Ecclesiarum
1500 5362 1898 5418 moderatores

241 5466 619 5537 compertum
634 5461 1117 5534 exploratumque
1129 5450 1898 5523 haberent,haudquaquam

318 5609 365 5647 ⁷⁸
387 5608 535 5667 Gen.
570 5623 613 5678 ι,
632 5607 723 5663 26.

321 5751 433 5827 (53)
460 5751 799 5811 Theodotus
829 5746 1016 5821 quiet
1044 5742 1331 5818 Georgius
1357 5739 1661 5800 miriﬁcus.

2011 4753 2143 4795 cum
2175 4736 2293 4793 illis
2350 4753 2519 4794 voces
2567 4741 2824 4793 eructat:
2884 4739 3247 4810 Patremque,
3303 4737 3533 4802 Filium,
3594 4742 3652 4795 et

2007 4830 2286 4902 Spiritum
2341 4833 2635 4896 sanctum,
2668 4829 2726 4883 in
2760 4846 2938 4885 unam
2974 4831 3361 4902 eamdemque
3392 4832 3652 4884 coarctat

2007 4918 2373 4992 bypostasin,
2421 4918 2912 4990 praedivinamquo
2946 4923 3214 4974 naturam
3255 4917 3495 4973 animali
3528 4916 3652 4972 cui-

2009 5008 2166 5081 piam
2200 5007 2501 5064 trinomini
2535 5007 2786 5063 similem
2821 5008 3020 5074 tradit,
3054 5024 3186 5063 cum
3222 5013 3415 5062 tamen
3458 5003 3654 5061 multis

2008 5115 2037 5156 e
2066 5099 2375 5171 Scriptum
2408 5098 2550 5155 locis
2584 5113 2709 5154 eam
2734 5096 2949 5168 triplici
2981 5098 3281 5154 deﬁnitam
3309 5095 3651 5168 hypostasin

2006 5188 2329 5257 didicisset,
2358 5192 2531 5260 atque
2588 5204 2658 5243 ex
2719 5186 2909 5243 Veteri
2966 5187 3199 5259 quidem
3257 5186 3648 5254 Testamento,

2006 5277 2103 5333 ubi
2125 5277 2205 5334 ait
2240 5295 2252 5333 :
2285 5279 2578 5334 Faciamus
2627 5279 2903 5335 hominem
2930 5277 2999 5332 ad
3030 5278 3328 5346 imaginem
3359 5279 3410 5331 et
3438 5275 3650 5331 simili-

2006 5367 2248 5423 tudinem
2306 5371 2552 5423 nostram
2612 5366 2704 5424 75:
2756 5383 2879 5438 quae
2931 5366 3115 5422 Patris
3165 5366 3341 5421 verba
3389 5368 3530 5421 sunt
3576 5365 3648 5420 ad

2006 5472 2125 5525 eos,
2158 5457 2258 5529 qui
2290 5473 2399 5513 sua
2428 5474 2457 5513 θ
2515 5456 2845 5513 substantia
2874 5459 3303 5529 processerant,
3345 5454 3442 5528 qui
3474 5454 3646 5512 etiam
