4090 6192
460 373 617 434 1315

1779 368 2089 431 NICETAE
2130 369 2546 432 CHONIATII

3715 369 3868 430 1316

459 507 755 566 creatricis
785 523 918 564 cum
952 506 1052 564 illo
1095 505 1521 578 Dominicseque
1559 505 1865 578 dignitatis
1913 505 2096 579 parti-
2127 505 2182 572 Α
2213 505 2293 562 ita
2345 505 2626 578 scriptum
2658 507 2748 563 est
2781 523 2795 562 :
2829 505 2932 562 Hic
2959 512 3038 562 est
3086 505 3227 562 Deus
3264 507 3467 576 noster,
3511 511 3705 561 etnon
3735 505 3874 560 assii-

457 598 616 670 cipes
645 597 891 654 fuerant.
923 597 1079 652 Idem
1117 595 1214 652 ubi
1251 596 1332 652 ait
1363 612 1376 652 :
1405 597 1536 652 Ecce
1564 595 1735 651 Adam
1771 597 1950 666 factus
1999 603 2100 660 est,

462 690 602 744 sicut
631 705 774 743 unus
793 703 866 742 ex
888 686 1047 742 nobis
1063 685 1130 756 7⁸,
1148 685 1266 742 sive
1291 689 1355 742 ut
1372 685 1780 757 unusquisque
1810 689 2100 752 nostrum,

463 779 564 850 qui
600 783 712 833 tres
755 793 1014 850 personis
1039 793 1164 832 una
1195 775 1252 831 in
1287 774 1592 832 divinitate
1623 791 1850 830 sumus.
1886 776 2100 840 Quam-

463 869 548 922 vis
577 867 731 922 enim
769 867 872 922 hoc
905 864 1119 924 irouice
1149 865 1368 922 dictum
1394 865 1492 934 sit,
1517 864 1679 921 nullo
1707 867 1900 920 tamen
1929 862 2103 920 modo

460 957 690 1012 unicam
738 971 1050 1027 personam
1089 953 1417 1028 signiﬁcare
1453 957 1664 1024 potest.
1697 953 1844 1008 Item
1877 951 1976 1008 ubi
2018 950 2103 1006 sic

459 1044 635 1100 habet
687 1060 702 1099 :
787 1043 1052 1116 Apparuit
1117 1043 1350 1101 Abrahae
1419 1045 1558 1100 Deus
1604 1042 1774 1112 juxta
1841 1057 2104 1113 quercum

458 1135 717 1192 Humbre.
752 1134 1064 1207 Respiciens
1106 1135 1287 1190 autem
1318 1134 1492 1189 oculis
1517 1149 1632 1190 suis
1669 1133 1806 1190 vidit
1835 1149 1848 1188 :
1882 1134 1935 1187 et
1980 1145 2105 1186 ecce

460 1233 574 1280 tres
619 1225 730 1279 viri
773 1228 1040 1279 steterunt
1082 1239 1255 1294 supra
1297 1239 1444 1289 eum,
1477 1225 1527 1279 et
1571 1222 1816 1278 intuitus
1861 1221 2105 1277 occurrit

457 1312 676 1368 obviam
716 1311 839 1368 illis
869 1329 882 1367 :
914 1319 971 1367 et
989 1311 1239 1369 adoravit
1267 1313 1324 1368 in
1358 1320 1524 1380 terra,
1561 1317 1614 1368 et
1633 1309 1817 1368 dixit:
1853 1311 2102 1375 Domine,

456 1403 508 1458 si
557 1402 746 1458 inveni
801 1401 1046 1470 gratiam
1091 1417 1274 1458 coram
1305 1406 1379 1470 te,
1431 1417 1498 1457 ne
1543 1409 1844 1472 praetereas
1886 1414 2104 1455 servum

457 1495 618 1548 tuum
646 1489 714 1546 ⁷⁷.
751 1491 961 1547 Vident
989 1490 1284 1562 quomodo
1311 1489 1614 1563 Scriptura
1637 1494 1880 1547 testetur
1923 1490 2102 1545 Deum

459 1579 800 1652 apparuisse
856 1580 1123 1648 Abrahae,
1173 1583 1293 1636 tres
1349 1587 1543 1636 autem
1605 1578 1805 1646 fuisse,
1852 1577 1946 1648 qui
1993 1594 2102 1649 ap-

459 1671 780 1744 paruerint.
843 1669 915 1725 Et
961 1669 1227 1741 quamvis
1277 1673 1395 1724 tres
1444 1672 1662 1735 essent,
1713 1685 1847 1724 eum
1906 1672 2103 1724 tamen

457 1778 592 1819 cum
614 1778 730 1817 uno
760 1777 889 1818 esse
920 1759 1296 1830 collocutum,
1329 1759 1484 1832 quod
1517 1759 1754 1816 omnino
1786 1759 1864 1816 ita
1889 1759 2104 1815 factum

2209 595 2455 652 mabitur
2481 596 2626 652 alius
2667 597 2934 652 adversus
2981 611 3106 651 eum
3143 593 3189 631 ⁸⁷
3221 611 3235 650 :
3270 595 3487 666 quibus
3519 594 3580 649 id
3633 610 3871 666 quoque

2211 684 2531 756 subjunxit,
2564 686 2721 758 quod
2769 685 3165 756 subsequitur
3199 687 3259 740 In
3283 685 3453 739 terris
3485 685 3640 739 visus
3689 692 3794 750 est,
3824 686 3872 738 et

2209 790 2333 830 cum
2375 773 2689 832 hominibus
2732 778 3078 832 conversatus
3126 779 3205 830 est
3234 774 3300 830 ⁸⁸.
3331 773 3590 830 Micheas
3632 789 3874 844 quoque

2212 865 2294 920 ait
2325 879 2338 919 :
2399 869 2461 921 Et
2492 871 2553 920 tu
2584 865 2895 921 Bethlehem
2922 870 3092 932 terra,
3124 864 3287 935 Iuda,
3319 880 3389 920 ea:
3445 871 3494 919 te
3521 866 3679 918 enim
3721 864 3870 918 exist

2209 951 2326 1007 dua:
2353 953 2450 1025 qui
2477 961 2624 1023 reget
2665 953 2930 1025 populum
2979 968 3161 1008 meum
3189 951 3371 1008 Israel
3411 949 3479 1006 ⁸9.
3510 952 3620 1006 Sed
3656 948 3870 1006 Daniel

2211 1040 2384 1096 etiam
2430 1041 2512 1097 ita
2567 1041 2770 1098 scribit
2809 1041 3190 1113 :Aspiciebam
3229 1041 3290 1096 in
3323 1039 3531 1096 visione
3568 1043 3773 1104 noctis,
3816 1043 3872 1094 et

2209 1147 2330 1187 ecce
2356 1148 2483 1188 cum
2501 1132 2738 1188 nubibus
2757 1133 2883 1188 caeli
2900 1133 3062 1204 quasi
3089 1132 3270 1188 Filius
3290 1132 3536 1188 hominis
3565 1130 3828 1186 veniebat
3847 1149 3871 1186 :

2209 1224 2262 1277 et
2293 1237 2462 1294 usque
2501 1224 2578 1278 ad
2607 1225 2909 1295 Antiquam
2936 1221 3154 1278 dierum
3182 1222 3476 1295 pervenit:
3511 1227 3566 1277 et
3613 1221 3680 1276 in
3725 1237 3868 1277 con-

2213 1316 2394 1384 spectu
2421 1313 2540 1384 ejus
2569 1312 2885 1369 obtulerunt
2912 1327 3037 1368 eum
3061 1327 3076 1368 :
3106 1313 3157 1367 et
3185 1311 3333 1367 dedit
3361 1313 3416 1368 ei
3443 1314 3788 1382 potestatem,
3811 1313 3874 1365 et

2213 1399 2489 1464 honorem,
2525 1407 2579 1458 et
2606 1417 2862 1472 regnum,
2898 1405 2952 1456 et
2980 1415 3166 1456 omnes
3191 1401 3402 1473 populi,
3435 1399 3638 1466 tribus,
3673 1411 3725 1456 et
3749 1399 3874 1456 lin-

2209 1507 2331 1562 gua:
2358 1492 2596 1547 servient
2624 1489 2679 1546 ei
2705 1507 2726 1544 :
2757 1493 2998 1562 potestas
3025 1491 3162 1559 eius,
3205 1494 3440 1558 potestas
3471 1493 3707 1555 aeterna,
3741 1503 3876 1561 quae

2213 1599 2324 1640 non
2380 1585 2714 1655 auferetur:
2749 1585 2800 1639 et
2854 1580 3158 1654 imperium
3217 1582 3338 1654 ejus
3384 1599 3494 1640 non
3543 1597 3882 1654 corrumpe-

2211 1677 2304 1730 tur
2331 1671 2399 1728 9°.

2284 1763 2802 1819 Verumenimvero
2813 1763 2865 1819 si
2886 1760 3018 1834 quis
3046 1763 3484 1817 Testamentum
3502 1760 3684 1816 Vetus
3704 1759 3886 1816 evol-

460 1856 571 1918 est,
601 1853 665 1906 ut
688 1866 805 1906 una
829 1850 1149 1920 eademque
1173 1849 1363 1905 tribus
1395 1849 1506 1905 sub
1527 1841 1793 1920 personis
1817 1847 2100 1904 Divinitas
2134 1897 2176 1924 η
2207 1855 2324 1918 vat,
2347 1852 2773 1924 prophetasque
2803 1856 3120 1924 percurrat,
3149 1850 3368 1923 triplici
3415 1849 3518 1906 illa
3543 1849 3882 1906 cherubica

457 1941 730 1998 eluceret.
763 1940 921 2004 Quod
955 1938 1004 1994 si
1041 1939 1176 2012 quis
1211 1954 1392 1994 unum
1431 1942 1654 1995 tantum
1687 1939 1894 2004 Deum,
1925 1938 2100 1993 duos-

459 2047 571 2103 que
603 2028 838 2102 angelos
869 2045 998 2085 csse
1028 2028 1206 2097 dicat,
1230 2029 1526 2100 quomodo
1553 2045 1671 2085 una
1699 2043 1832 2084 cum
1860 2027 2105 2083 Domino

457 2121 658 2178 sedere
689 2119 814 2175 ausi
847 2118 1025 2174 sunt?
1058 2119 1238 2174 Item:
1272 2118 1427 2174 Pluit
1456 2118 1718 2174 Dominus
1746 2132 1912 2187 super
1941 2114 2106 2173 Sodo-

454 2225 548 2264 ma
602 2211 655 2265 et
703 2207 1008 2265 Gomorrha
1061 2205 1244 2277 ignem
1291 2211 1342 2262 et
1404 2206 1702 2278 sulphura
1751 2205 1985 2262 Domino
2041 2204 2108 2260 de

457 2297 589 2354 caelo
617 2295 686 2352 ⁷⁸.
742 2297 920 2352 Item:
972 2293 1136 2362 Audi,
1189 2295 1382 2365 Israel,
1434 2297 1701 2351 Dominus
1750 2295 1905 2350 Deus
1955 2301 2104 2364 tuus,

462 2385 728 2443 Dominus
789 2402 932 2441 unus
980 2387 1054 2441 est
1108 2386 1174 2440 ⁷ο.
1214 2385 1320 2441 His
1365 2389 1519 2442 certe
1567 2385 1760 2442 verbis
1818 2384 2106 2460 Dominus,

464 2478 624 2546 Deus,
675 2475 924 2546 itemque
965 2474 1243 2542 Dominus,
1287 2476 1623 2548 bypostases
1674 2491 1687 2530 :
1741 2473 1830 2530 his
1887 2477 2104 2532 autem.

464 2581 611 2621 unus
639 2570 739 2632 est,
777 2579 888 2621 una
907 2563 966 2619 in
991 2563 1178 2620 tribus
1200 2563 1486 2620 Divinitas
1507 2563 1936 2621 subindicatur.
1973 2562 2106 2628 Qui-

461 2655 572 2710 bus
603 2654 722 2710 bmc
743 2651 1014 2710 Davidica
1033 2658 1427 2710 consentanea
1443 2657 1606 2710 sunt:
1626 2655 1690 2710 In
1722 2659 1830 2711 Deo
1861 2651 2106 2710 laudabo

459 2745 710 2812 Verbum,
755 2745 814 2800 in
867 2743 1098 2801 Domino
1156 2743 1392 2800 laudabo
1429 2744 1746 2800 Sermonem
1791 2741 1858 2798 ⁸ο.
1906 2744 2050 2799 Item
2086 2759 2101 2798 :

451 2839 513 2894 In
547 2839 656 2893 Deo
683 2837 922 2908 speravi,
954 2851 1065 2892 non
1097 2835 1296 2892 timebo
1325 2834 1456 2908 quid
1474 2836 1649 2906 faciat
1679 2834 1820 2891 mihi
1846 2834 2004 2892 homo
2031 2831 2100 2889 “.

453 2927 599 2982 ltum
637 2943 652 2982 :
703 2927 932 2982 Immola
977 2927 1080 2980 Deo
1105 2926 1438 2996 sacriﬁcium
1486 2924 1686 2990 laudis,
1734 2929 1787 2980 et
1819 2924 1981 2980 redde
2009 2923 2104 2978 Al-

451 3017 666 3072 tissimo
700 3021 825 3071 vota
853 3027 951 3072 tua
969 3015 1034 3069 δέ.
1065 3021 1202 3072 Item
1241 3032 1254 3069 :
1296 3017 1501 3071 Invoca
1545 3029 1630 3070 me
1661 3015 1720 3070 in
1749 3013 1836 3070 die
1868 3013 2102 3069 tribula-

453 3104 626 3160 tionis
659 3109 766 3160 ἔαξε
803 3102 869 3160 ⁸³.
935 3104 1079 3159 Item
1115 3122 1129 3160 :
1185 3105 1332 3160 Vivit
1381 3103 1660 3172 Dominus,
1692 3105 1741 3160 el
1790 3102 2100 3160 benedictus

455 3197 722 3252 Dominus
775 3193 844 3254 8‘.
883 3197 1028 3252 Item
1061 3212 1074 3250 :
1108 3195 1397 3251 Exaltelur
1443 3196 1584 3251 Deus
1628 3195 1829 3250 salutis
1867 3209 2009 3252 mese
2036 3194 2100 3250 ⁸⁵.

2212 1941 2692 2012 sanctificatione,
2749 1947 2807 1998 et
2854 1941 3188 2012 hujusmodi
3246 1939 3537 2012 plerisque
3588 1943 3872 1996 sanctam

2212 2030 2510 2104 designari
2560 2031 2770 2086 Triada
2799 2031 2994 2087 videre
3038 2031 3248 2102 possit,
3280 2028 3789 2102 quemadmodum
3818 2032 3878 2082 et

2211 2120 2322 2176 hoc
2351 2119 2623 2176 Davidico
2656 2119 2858 2190 {Dixit
2887 2119 3152 2176 Dominus
3201 2121 3431 2176 Domino
3455 2133 3597 2187 meo,
3651 2117 3797 2173 Sede
3843 2134 3880 2172 α

2212 2209 2420 2266 dextris
2471 2209 2638 2278 meis,
2669 2209 2838 2266 donec
2863 2225 3066 2282 ponam
3095 2210 3353 2265 inimicos
3398 2211 3522 2264 tuos
3555 2205 3881 2265 scabellum

2211 2299 2407 2372 pedum
2459 2303 2678 2356 tuorum
2717 2299 2804 2354 ον.
2828 2303 2998 2367 Item,
3031 2299 3105 2353 Tu
3143 2313 3200 2354 es
3228 2297 3479 2354 sacerdos
3513 2297 3575 2352 in
3593 2305 3880 2355 teternum

2211 2387 2510 2444 secundum
2538 2388 2783 2444 ordinem
2814 2387 3204 2444 Melchisedech
3253 2388 3321 2442 ".
3351 2389 3543 2442 Aaron
3591 2387 3784 2452 enim,
3815 2392 3881 2442 et

2212 2478 2336 2548 ejus
2379 2485 2698 2543 consortes,
2756 2475 3096 2533 animalium
3157 2477 3548 2533 visceratione
3605 2491 3736 2532 rem
3789 2493 3885 2532 sa.

2212 2581 2370 2622 cram
2405 2565 2700 2621 fecerunt:
2732 2581 2880 2637 pane
2911 2567 3106 2621 autem
3137 2569 3196 2623 et
3225 2565 3381 2632 vino,
3403 2562 3565 2620 solus
3595 2563 3876 2619 omnium

2214 2655 2682 2712 Melchisedech:
2719 2656 2818 2724 qui
2849 2654 3063 2712 Christi
3094 2657 3271 2712 etiam
3304 2659 3480 2728 atque
3511 2655 3874 2712 initiationis

2212 2745 2620 2819 mysteriorum
2667 2745 2796 2816 ejus
2828 2750 3000 2818 typus
3029 2751 3152 2802 erat
3183 2762 3198 2802 :
3231 2745 3325 2802 cui
3354 2745 3603 2801 Davides
3631 2762 3874 2818 quoque

2209 2835 2600 2893 sacerdotium
2659 2839 2939 2892 internum
2997 2835 3365 2893 vaticinatur.
3417 2836 3726 2892 Exncstro
3763 2853 3870 2892 au-

2209 2929 2480 2994 tem,seu
2534 2925 2693 2982 Novo
2745 2925 3124 2982 Testamento
3181 2925 3450 2994 clariora,
3509 2931 3569 2982 et
3617 2925 3869 2998 majoris

2210 3013 2484 3086 ponderis
2535 3013 2877 3071 testimonia
2921 3015 3206 3088 expiscari
3239 3019 3432 3089 queat,
3483 3016 3870 3086 quemadmo-

2209 3103 2350 3160 dum
2381 3120 2450 3160 ex
2476 3103 2710 3160 Triadis
2741 3105 3320 3178 supersubslantialis
3368 3105 3672 3178 mysterio,
3705 3106 3869 3177 quod

2211 3209 2314 3266 per
2344 3192 2712 3249 incarnatum
2769 3193 2981 3250 Christi
3014 3195 3328 3252 adventum
3386 3194 3597 3250 illuxit.
3633 3196 3698 3250 In
3741 3193 3869 3266 ipso

452 3285 674 3347 Quibus
723 3284 846 3341 haec
877 3285 1014 3341 addi
1042 3288 1326 3356 possunt:
1365 3285 1526 3341 Verbo
1585 3284 1810 3340 Domini
1836 3283 1959 3339 caeli
1999 3285 2098 3354 [ἓν.
2130 3269 2174 3336 C
2215 3283 2369 3340 enim
2425 3282 2593 3355 quasi
2614 3282 2820 3340 limine
2849 3282 3092 3354 angelus
3121 3284 3346 3356 Virgini
3377 3283 3527 3340 dixit
3557 3302 3574 3340 :
3609 3286 3866 3358 Spiritus

451 3374 595 3426 moti
623 3383 774 3442 sunt,
807 3379 861 3427 et
891 3371 1110 3442 Spiritu
1140 3374 1256 3427 oris
1276 3373 1393 3440 eius
1417 3374 1594 3428 omnis
1625 3373 1799 3429 virtus
1820 3389 2014 3430 eorum
2029 3373 2095 3428 ⁸⁸.

454 3461 598 3514 Item
633 3475 644 3514 :
679 3461 741 3516 In
773 3459 985 3515 lumine
1021 3465 1110 3516 tuo
1141 3459 1444 3515 videbimus
1485 3461 1668 3515 lumen
1703 3459 1772 3530 εδ,
1805 3461 1862 3516 id
1894 3466 2000 3530 est,
2035 3462 2098 3518 In

454 3547 597 3604 Filio
657 3558 752 3603 luo
810 3564 1231 3618 cognoscemus
1286 3548 1565 3618 Spiritum
1632 3553 1924 3605 sanctum.
1995 3550 2102 3606 Per

449 3636 648 3705 ipsum
711 3639 868 3693 enim
896 3654 963 3692 ea
983 3652 1105 3707 qua
1137 3640 1276 3692 sunt
1304 3635 1376 3691 de
1405 3635 1623 3707 Spiritu
1657 3643 1856 3693 sancto
1895 3655 2103 3711 cogno-

453 3727 690 3796 scenda,
725 3743 839 3782 non
893 3727 1090 3782 minus
1121 3741 1298 3798 quam
1331 3741 1400 3781 ea
1425 3740 1549 3796 quis
1578 3725 1651 3782 de
1693 3726 1881 3797 Patre,
1916 3727 2100 3783 mani-

445 3815 651 3872 festius
696 3815 1098 3885 cognovimns.
1133 3815 1257 3871 Imo
1310 3813 1486 3870 etiam
1547 3815 1606 3871 in
1645 3813 1795 3872 libro
1837 3816 2102 3874 Jeremise

2206 3377 2428 3429 sanctus
2455 3375 2796 3444 superveniet
2821 3377 2881 3430 in
2911 3383 2983 3443 te,
3030 3380 3082 3430 et
3126 3378 3303 3432 virtus
3342 3378 3616 3434 Altissimi
3671 3381 3870 3434 obum-

2209 3463 2390 3518 brabit
2419 3463 2524 3520 tibi
2545 3463 2592 3500 '3
2626 3481 2639 3520 :
2673 3464 2885 3536 quibus
2925 3465 3116 3522 verbis
3144 3466 3507 3524 divinitatem
3537 3469 3732 3525 tribus
3761 3469 3873 3542 hy-

2211 3553 2544 3624 postasibus
2602 3557 2938 3610 contentam
2981 3555 3395 3613 subindicavit.
3422 3556 3530 3620 Qui
3562 3556 3741 3628 plura
3771 3574 3876 3614 vo-

2209 3640 2306 3708 let,
2341 3658 2409 3698 ex
2439 3641 2570 3697 aliis
2599 3657 2850 3714 quoque,
2882 3643 3234 3716 evangelicis
3264 3645 3436 3702 dictis
3462 3647 3665 3702 venari
3699 3653 3877 3718 pote-

2209 3730 2366 3796 terit,
2395 3730 2454 3786 in
2489 3747 2736 3802 quorum
2765 3733 3120 3790 mentionem
3155 3736 3472 3793 incidimus
3487 3738 3697 3806 obiter,
3721 3753 3868 3794 cum

2211 3819 2281 3876 de
2311 3819 2552 3876 Sabellii
2582 3821 2954 3893 dogmatibus
2985 3839 3309 3896 ageremus.

1928 3998 2078 4054 CAP.
2109 3998 2364 4058 XXXIII.

447 4123 747 4180 Triccsima
798 4122 967 4178 tertia
995 4121 1244 4204 haeresis,
1278 4120 1714 4204 Manio/iceorum
1741 4125 1794 4178 el
1824 4121 2084 4181 Cubrico-
2114 4139 2160 4204 ι)

929 4209 1054 4250 rum
1086 4210 1107 4256 ;
1137 4193 1200 4248 hi
1226 4193 1606 4265 baptinantur.

516 4303 586 4358 Hi
616 4300 911 4359 Acuanitae
941 4301 1178 4358 tandem
1211 4300 1349 4356 dicti
1381 4304 1538 4367 sunt,
1592 4304 1896 4373 propterea
1936 4303 2087 4375 quod

445 4394 602 4449 Acua
653 4393 931 4464 quodam,
990 4407 1021 4446 e
1069 4390 1480 4463 Mesopotamia
1525 4389 1790 4458 oriundo,
1849 4390 2092 4464 impurae

445 4483 620 4552 hujus
679 4481 965 4536 haereseos
993 4479 1258 4536 doctores
1289 4479 1376 4535 usi
1407 4484 1569 4536 sunt.
1604 4479 1905 4536 Manichzei
1954 4468 2092 4537 vero

441 4578 502 4628 et
533 4571 760 4627 Cubrici
793 4571 864 4626 ab
894 4569 1136 4640 antiquo
1169 4569 1527 4625 denominati
1564 4573 1720 4638 sunt,
1755 4568 2034 4626 nimirum
2058 4587 2094 4626 a

445 4660 672 4715 Moneta
703 4659 896 4728 Persa,
937 4657 1035 4729 qui
1065 4657 1342 4715 Cubrieus
1374 4665 1543 4714 antea
1609 4657 1924 4713 vocabatur
1953 4656 2095 4714 sibi-

447 4763 558 4820 que
591 4751 794 4818 postea
818 4747 1056 4802 Manetis
1086 4762 1297 4804 nomen
1331 4746 1640 4802 indiderat.
1663 4746 1948 4802 Craterum
1985 4746 2094 4802 hac

445 4853 582 4895 voce
611 4837 810 4893 Manes
866 4834 1314 4909 Babyloniorum
1377 4835 1655 4891 idiomate
1702 4851 1822 4904 vos,
1871 4835 1982 4902 vel,
2031 4839 2096 4892 ut

446 4928 688 5002 quidam
719 4925 944 4996 volunt,
971 4925 1308 4994 dialecticus
1339 4925 1703 4997 designatur.
1730 4924 2092 4981 Paracletum

444 5035 618 5090 porro
651 5033 712 5072 se
771 5016 961 5090 ipsum
1026 5016 1203 5072 miser
1249 5015 1344 5071 hic
1393 5014 1592 5070 Manes
1639 5013 1896 5084 vocabat,
1929 5013 2094 5070 Chri-

441 5113 714 5181 stumque
761 5105 888 5164 sola
932 5104 1268 5179 phantasia,
1309 5121 1406 5162 seu
1463 5103 1858 5173 simulatione,
1911 5121 2088 5178 appa-

443 5199 656 5266 ruisse,
688 5202 860 5270 atque
919 5214 1152 5271 passum
1183 5211 1312 5254 esse
1343 5195 1608 5252 docebat.
1643 5195 1885 5268 Insuper
1932 5195 2092 5268 prin-

518 5352 564 5390 ⁷⁸
585 5354 731 5411 Gen.
765 5369 850 5416 nr,
879 5353 969 5407 25.
1048 5350 1097 5386 ⁷⁷
1125 5354 1266 5408 Gen.
1299 5367 1460 5418 xvm,
1499 5351 1522 5405 1
1557 5365 1715 5422 seqq.

2411 4125 2541 4200 Περὶ
2571 4129 2900 4204 Μανιχαίωι
2929 4135 3037 4186 τῶν
3063 4131 3156 4186 καὶ
3187 4125 3501 4210 Κουῧρῖκων
3533 4136 3634 4209 (α).

2271 4291 2438 4348 Οὗτοι
2489 4293 2834 4350 Ἀκουανῖται
2893 4297 2986 4368 μὲν
3017 4295 3268 4371 ζῦστερον
3329 4295 3666 4369 ἐκλήθησαν,
3721 4297 3876 4354 διότι

2199 4379 2431 4435 ’Δκούαν
2495 4381 2638 4439 οὕτω
2692 4383 3027 4458 καλούμενόν
3081 4406 3200 4441 τινα
3248 4384 3306 4442 ἐκ
3361 4395 3460 4456 τῆς
3515 4387 3694 4461 μέσης
3757 4395 3878 4445 τῶν

2203 4474 2466 4544 ποταμῶν
2551 4473 2881 4547 ὁρμώμενον
2967 4473 3262 4550 ὑφηγητὴν
3340 4473 3563 4551 ἔχοντες
3663 4483 3881 4553 μιαρᾶς

2203 4561 2485 4637 αἱρέσεως.
2519 4565 2823 4639 Mam-Laio:
2856 4561 2913 4620 δὲ
2957 4565 3048 4620 καὶ
3105 4559 3404 4640 Κοῦϐρικοι
3461 4563 3672 4622 ἄνωθεν
3729 4567 3884 4622 ὠνο-

2207 4653 2485 4727 μάσθησαν
2515 4653 2624 4710 ἀπὸ
2674 4654 2950 4718 Μανέντος
3010 4655 3241 4731 Πέρσου·
3291 4654 3495 4716 ἐκεῖνος
3554 4656 3666 4732 γὰρ
3727 4657 3882 4712 K05-

2204 4739 2394 4818 ϐρικος
2419 4741 2667 4800 ἐκαλεῖτο
2725 4743 3012 4820 πρότερον,
3075 4744 3190 4801 εἶτα
3252 4743 3608 4818 μετεκάλεσεν
3669 4746 3877 4800 ἑαυτὸν

2204 4835 2471 4894 Μανέντα·
2507 4832 2675 4906 δηλοῖ
2703 4831 2760 4888 δὲ
2793 4833 2820 4888 ὁ
2854 4833 3050 4904 Μάνης
3105 4837 3174 4908 τῇ
3206 4828 3579 4892 Βαϐυλωνίων
3633 4832 3880 4910 γλώσσῃ

2201 4923 2264 4980 τὸ
2295 4922 2569 4995 σκεῦος,ἢ
2613 4923 2689 4986 ὡς
2749 4919 2880 4978 ἔνιοί
2928 4944 3057 5001 φασι
3113 4923 3206 4978 τὸν
3263 4920 3599 4978 διδακτικὸν.
3669 4926 3879 4998 napi-

2201 5011 2410 5084 κλητον
2444 5011 2504 5068 δὲ
2561 5012 2752 5070 ἑαυτὸν
2803 5011 3051 5068 ἒκᾶλεσεν
3086 5013 3115 5068 ὁ
3155 5010 3348 5075 ἄθλιος
3377 5012 3596 5084 Μάνης·
3635 5015 3730 5068 καὶ
3775 5015 3877 5069 τὸν

2203 5103 2438 5178 Χριστὸν
2471 5097 2573 5182 ἔφη
2604 5099 2825 5174 δοκήσει
2857 5103 2997 5178 μόνῃ
3048 5102 3139 5157 καὶ
3199 5108 3435 5183 φυῆναι
3491 5103 3585 5158 καὶ
3652 5105 3880 5160 πορεῖν.

2204 5193 2350 5268 Ηρὸς
2370 5193 2586 5256 τούτοις
2619 5192 2946 5270 εἰσηγήσατο
2979 5189 3075 5248 δύο
3125 5191 3326 5268 ἀρχὰς,
3383 5193 3629 5267 nov-nptiae
3686 5214 3748 5249 τε
3783 5192 3878 5247 κ.πῖ

1792 5347 1845 5422 ⁷⁸7
1862 5349 2010 5422 Cen.
2041 5367 2100 5406 xI

2234 5350 2280 5422 7°
2309 5353 2475 5407 Deut.
2498 5367 2576 5422 vr,
2603 5351 2656 5405 4.
2732 5349 2946 5422 “APsal.
2978 5366 3066 5414 LV,
3094 5350 3152 5417 5,
3179 5350 3264 5405 11.
3339 5349 3390 5422 “7
3411 5348 3558 5422 Ibid.
3639 5349 3692 5385 ⁸³
3712 5349 3880 5406 Psal.

449 5429 601 5492 xaix,
635 5427 719 5480 14.
796 5425 842 5460 ⁸³
865 5424 1010 5480 Ibid.
1045 5425 1131 5479 15.
1207 5422 1255 5459 δ”
1289 5423 1434 5480 Psal.
1475 5439 1613 5486 xvu,
1639 5420 1648 5422 “
1673 5420 1761 5477 ἇ7.
1836 5421 1884 5456 ⁸⁵
1915 5422 2062 5480 Ibid.
2092 5491 2095 5492 ν

2234 5421 2381 5480 Psal.
2413 5420 2588 5489 xxxii,
2616 5423 2674 5479 6.
2747 5420 2794 5458 ⁸⁷
2828 5421 2969 5478 Psal.
3011 5437 3178 5492 μιν,
3219 5422 3306 5477 40.
3381 5421 3428 5455 ⁸³
3478 5422 3740 5477 Barnch.
3785 5437 3879 5476 in.

448 5495 503 5568 ρ,
577 5491 628 5529 εει
685 5495 809 5552 Ibid
863 5495 954 5552 38.
1031 5494 1078 5532 οο
1129 5494 1302 5552 Mich.
1390 5511 1443 5568 ν,
1497 5495 1555 5550 2.
1630 5491 1675 5530 οι
1721 5494 1864 5551 Dan.
1917 5507 2021 5561 vn,
2079 5491 2100 5549 1

2238 5493 2326 5550 14.
2403 5493 2476 5531 ⁹ι⁹
2528 5493 2680 5553 Psal.
2743 5509 2856 5560 cxx,
2918 5495 2969 5552 1.

447 5564 536 5621 55.

3044 5491 3092 5528 ⁹²
3163 5492 3304 5550 Ibid.
3367 5493 3421 5548 4.
3497 5493 3544 5529 ⁸³
3606 5493 3759 5552 Luc.
3836 5509 3879 5559 ι,

517 5683 599 5755 (a)
628 5685 824 5738 Graece
848 5684 1003 5754 apud
1034 5684 1250 5742 Maium
1281 5683 1521 5743 Biblioth
1551 5699 1672 5742 nov.
1703 5687 1847 5743 tom.
1881 5683 1974 5758 IV,
2003 5687 2154 5758 part.
2187 5702 2250 5758 ιι,
2281 5702 2340 5760 p.
2375 5687 2493 5744 110.
