4090 6192
317 317 467 377 1317

1648 319 2044 383 THESAURI
2091 323 2239 385 LIB.
2286 326 2392 388 IV.

3567 333 3725 392 1318

308 449 536 526 ἀγαθήν·
574 442 670 501 δύο
702 447 806 524 γὰρ
842 445 1170 521 ὑποθέμενος
1197 444 1531 522 ἆγεννήτου;
1590 449 1676 503 καὶ
1727 447 1952 521 ἀϊδίους,

2075 456 2228 527 cipia
2258 458 2393 528 duo,
2428 460 2645 516 bonum
2682 463 2739 516 et
2787 459 3006 517 malum
3046 461 3474 518 introducebat.
3507 462 3720 519 Positis

307 534 441 594 Θεόν
471 558 529 592 τε
559 538 652 592 καὶ
684 534 853 610 ὓλην,
882 536 975 592 τὸν
1012 536 1106 611 μὲν
1142 537 1269 592 Θεὸν
1322 537 1765 613 προσηγόρευσεν
1817 544 1954 619 φῶς,

303 630 402 698 τήν
440 625 496 682 δὲ
525 626 664 698 ὅλην
696 626 911 683 σκότος·
936 627 1023 683 καὶ
1056 627 1119 681 τὸ
1183 627 1277 700 μὲν
1330 630 1467 702 φῶς,
1515 625 1738 703 ἀγαθόν·
1787 630 1852 684 τὸ
1901 626 1959 684 δὲ

308 715 524 783 σκότος,
555 714 742 770 κακόν.
774 715 887 785 Τὴν
916 711 1160 769 Παλαιὰν
1204 715 1477 785 Διαθήκην
1526 709 1957 790 ἐϐλασφήμησε,

307 802 399 857 καὶ
438 802 532 857 τὸν
581 801 637 857 ἐν
696 801 833 876 αὐτῇ
885 800 1225 873 λαλήσαντα,
1271 802 1360 859 καὶ
1408 803 1607 867 πάντας
1651 803 1778 866 τοὺς
1822 825 1958 879 προ·

309 896 507 975 φήτας⁶
541 892 693 968 ἡλίῳ
722 894 813 950 καὶ
848 893 1078 970 σελήνῃ,
1108 896 1199 950 καὶ
1253 895 1477 972 ἄστροις
1527 901 1671 961 θεοῖς
1718 917 1962 973 προσκυ-

309 988 421 1038 νεῖν
479 981 760 1060 ἐπέτρεψεο
838 985 1353 1059 μετενσωματώσεις
1425 989 1620 1061 ψυχῶν
1688 982 1956 1041 ἐδίδασκε·

314 1074 516 1148 σαρκὸς
581 1074 868 1131 ἀνάστασιν
932 1075 1228 1149 ἠρνήσατο·
1303 1074 1528 1150 βοτάνας
1592 1075 1683 1130 καὶ
1768 1072 1961 1149 δένδρα

313 1163 403 1218 καὶ
434 1160 582 1237 ὕδωρ
612 1163 704 1218 καὶ
746 1163 814 1218 τὰ
854 1163 1023 1219 λοιπὰ
1074 1164 1251 1219 πάντα
1299 1159 1524 1239 ἔμψυχα
1567 1165 1703 1219 εἶναι
1744 1166 1959 1242 ἀπεφή-

312 1270 462 1311 νατο’
494 1252 585 1308 καὶ
613 1251 770 1326 ἕτερα
813 1254 980 1326 μυρία
1026 1257 1249 1307 τοιαῦτα
1296 1254 1696 1327 παρελήρησεν.
1757 1252 1958 1310 Τελευο

311 1348 466 1399 ταῖον
524 1339 581 1396 δὲ
635 1342 730 1396 τὸν
795 1341 998 1415 τρόπον
1064 1344 1257 1396 τοῦτον
1325 1343 1594 1414 πνεύματι
1656 1344 1964 1416 κεπφωθεὶς

318 1434 574 1499 οἰήσεως,
615 1430 702 1485 καὶ
742 1435 859 1492 τοῖς
914 1430 1078 1485 αὐτὸν
1139 1429 1328 1504 ἄγουσι
1391 1429 1613 1504 δαίμοσι
1666 1432 1959 1507 θαρρήσας,

310 1522 403 1576 τὸν
436 1520 552 1575 υἱὸν
582 1523 678 1574 τοῦ
712 1515 987 1593 βασιλέως
1016 1522 1236 1593 Περσῶν
1285 1520 1605 1583 ἀσθενοῦντα
1652 1519 1961 1592 θεραπεύειν

311 1608 704 1684 ἐπηγγείλατου
747 1606 836 1661 καὶ
880 1604 947 1677 δὴ
1015 1603 1358 1684 προσήνεγκὲ
1392 1628 1515 1663 τινα
1569 1607 1749 1679 τούτῳ
1803 1610 1961 1681 θερα-

310 1699 539 1757 πευτικᾶ
588 1697 865 1775 φάρμακαο
924 1696 1115 1752 αὐτίκα
1175 1695 1232 1752 δὲ
1279 1698 1342 1751 τὸ
1403 1699 1682 1774 μειράκιον
1740 1694 1793 1751 ἐν
1842 1702 1961 1760 ταῖς

314 1789 482 1844 αὐτοῦ
540 1787 700 1865 χερσὶ
742 1784 1087 1865 διεφώνησεν.
1148 1787 1447 1862 Ὀργισθεὲς
1497 1787 1588 1841 οὖν
1621 1788 1650 1841 ὁ
1685 1784 1962 1862 βασιλεὺς,

316 1880 392 1941 εἷς
425 1879 670 1958 φυλακὴν
725 1883 918 1934 τοῦτον
972 1876 1305 1933 κατέκλεισε·
1366 1876 1456 1933 καὶ
1510 1877 1635 1933 τότε
1691 1878 1785 1951 μὲν
1822 1879 1961 1953 χρή-

320 1991 465 2045 ματα
538 1968 769 2025 πλεῖστα
842 1974 957 2032 τοῖς
1036 1968 1233 2048 φύλαξι
1301 1970 1622 2044 παρασχὼν,
1688 1967 1959 2046 ἐξέφυγεν.

310 2060 567 2132 Ὕστερον
602 2054 659 2111 δὲ
709 2056 1085 2133 κατασχεθεὶς,
1128 2054 1348 2131 ἐξεδάρη
1400 2054 1697 2130 καλάμοις
1759 2055 1851 2110 καὶ
1900 2056 1962 2110 τὸ

313 2144 493 2223 δέρμα
522 2147 720 2202 τούτου
772 2145 1015 2217 πλησθὲν
1072 2148 1277 2223 ἀχτερον
1335 2145 1664 2220 ἐφυλάττετο
1714 2145 1766 2200 ἐν
1823 2147 1963 2221 Περ-

312 2233 442 2291 σίδι’
477 2241 747 2310 τιμῶντες
782 2232 839 2289 δὲ
871 2234 1031 2290 αὐτὸν
1085 2237 1137 2290 οἱ
1183 2240 1482 2309 Μανιχαῖοι
1545 2233 1634 2289 ἐπὶ
1691 2232 1957 2308 καλάμων

307 2327 405 2388 τὰς
444 2323 586 2388 ἰδίας
618 2325 804 2387 κοίτας
833 2329 1140 2382 ποιοῦνται.

2068 547 2225 602 enim
2278 549 2505 606 duobus
2537 568 2653 607 non
2703 551 2916 623 genitis
2956 555 3011 607 et
3040 553 3290 621 aeternis,
3355 556 3467 609 er
3495 553 3722 609 scilicet

2069 639 2243 707 atque
2288 640 2551 696 materia.
2612 645 2793 696 Deum
2828 641 3062 712 quidem
3124 642 3345 709 lumen,
3408 644 3716 700 materiam

2070 728 2267 779 autem
2313 727 2582 783 tenebras
2622 728 2969 800 appellabat.
3029 734 3218 800 Atque
3250 730 3446 784 lumen
3480 730 3714 801 quidem

2071 811 2309 880 bonum,
2343 818 2613 871 tenebras
2645 825 2836 872 autem
2876 818 3117 873 malum.
3156 818 3329 875 Vetus
3367 819 3716 875 Testamen—

2071 908 2216 971 tum,
2248 907 2305 959 et
2331 920 2466 960 eum
2498 908 2598 977 qui
2632 907 2861 962 locutus
2903 908 2965 963 in
2999 906 3259 975 illo,cum
3291 908 3566 967 omnibus
3589 910 3716 965 suis

2068 992 2391 1064 prophetis,
2442 994 2820 1065 blasphemus
2860 996 2954 1052 ille
2990 996 3335 1053 maledictus
3365 998 3718 1054 incessebat.

2068 1081 2283 1149 Solem,
2341 1083 2541 1139 lunam
2586 1091 2643 1140 et
2691 1090 2870 1156 astra,
2922 1089 3201 1156 tanquam
3265 1087 3426 1154 deos,
3471 1089 3717 1144 adorare

2070 1171 2371 1228 suadebat.
2414 1172 2749 1230 Animarum
2799 1191 2832 1230 a
2860 1175 3202 1246 corporibus
3236 1175 3292 1229 in
3335 1191 3578 1247 corpora
3609 1175 3724 1231 mi-

2071 1262 2365 1331 grationes
2410 1262 2673 1319 docebat.
2726 1264 2932 1319 Carnis
2964 1265 3448 1320 resurrectionem
3494 1264 3725 1320 inlicia-

2071 1349 2260 1403 batur.
2315 1351 2556 1413 Herbas.
2599 1351 2856 1419 arbores,
2888 1369 3123 1422 aquam,
3173 1356 3230 1408 et
3281 1359 3488 1409 caetera
3518 1353 3723 1408 omnia

2071 1436 2287 1493 habere
2327 1439 2761 1495 contendebat:
2794 1446 2969 1512 atque
3019 1441 3327 1497 innumera
3380 1441 3719 1511 huiusmodi

2071 1525 2187 1581 alia
2212 1526 2590 1583 deliramenta
2621 1531 2998 1598 proponebat.
3041 1531 3301 1585 Tandem
3334 1535 3527 1586 autem
3560 1547 3719 1586 arro-

2073 1613 2279 1683 gantiae
2310 1614 2518 1685 spiritu
2567 1614 2771 1681 elatus,
2806 1618 3134 1672 daemonum
3180 1636 3213 1673 a
3245 1620 3457 1689 quibus
3503 1620 3719 1675 subve-

2072 1700 2340 1770 hebatur,
2375 1701 2589 1759 auxilio
2642 1705 2848 1771 fretus,
2898 1721 2959 1761 se
2992 1710 3300 1762 Persarum
3348 1708 3501 1779 regis
3533 1707 3717 1762 ﬁlium

2075 1792 2279 1847 morbo
2328 1790 2711 1861 laborantem,
2738 1794 3001 1865 pristinas
3030 1795 3269 1851 sanitati
3312 1797 3721 1852 restituturum

2075 1880 2368 1953 pollicitus
2414 1884 2505 1937 est
2535 1897 2550 1936 :
2583 1882 2755 1953 eique
2798 1883 2940 1939 adeo
2985 1901 3119 1941 cum
3177 1885 3490 1957 pbarmaca
3520 1886 3722 1941 morbo

2074 1974 2329 2029 curando
2361 1975 2738 2030 accommoda
2754 1975 3559 2047 applicuisset,excontinenti
3580 1994 3725 2047 puer

2068 2062 2129 2117 in
2160 2062 2433 2117 manibus
2459 2062 2586 2133 ejus
2605 2063 2905 2135 expiravit.
2932 2066 3209 2129 Quocirca
3239 2084 3337 2121 rex
3356 2067 3441 2121 ira
3465 2066 3720 2137 percitus

2070 2150 2128 2204 in
2153 2166 2413 2206 carceres
2434 2149 2599 2206 illum
2622 2152 2868 2221 conjecit
2891 2169 2904 2206 :
2931 2154 3081 2208 unde
3103 2157 3449 2213 custodibus
3472 2160 3718 2229 pecunia

2069 2232 2360 2302 corruptis
2420 2232 2663 2304 aufugit.
2706 2234 2785 2288 Ad
2838 2241 3159 2291 extremum
3215 2243 3404 2295 autem
3456 2256 3719 2312 compre-

2068 2321 2311 2387 hensus,
2361 2324 2420 2376 et
2465 2321 2851 2378 arundinibus
2909 2326 3231 2382 excoriatus
3278 2334 3369 2384 est
3414 2347 3428 2386 :
3481 2332 3721 2402 ejusque

306 2415 476 2488 pellis
525 2416 707 2488 paleis
761 2415 1137 2471 suifarcinata
1189 2415 1249 2472 in
1300 2415 1536 2471 Perside
1592 2415 1947 2471 servabatur.
1982 2416 2260 2467 Caeterum
2317 2409 2377 2466 in
2408 2410 2533 2480 ejus
2582 2409 2860 2467 honorem
2894 2412 3194 2471 Manicbaei
3248 2432 3423 2489 super
3480 2420 3723 2475 arundi-

308 2505 480 2562 nibus
506 2506 684 2562 lectos
714 2521 851 2562 suos
883 2505 1239 2561 insternunt.

946 2622 1307 2699 Ἀντίρῥησις.

384 2744 500 2813 Τὴν
531 2740 910 2811 ἂποστολικὴν
942 2741 1101 2815 ῥῆσιν
1130 2742 1229 2810 τὴν
1283 2739 1541 2816 λέγουσαν
1592 2740 1646 2795 ἐν
1694 2739 1960 2813 ὁμοιώσει

314 2831 611 2906 ἂνθρώπου
638 2838 868 2909 φανῆναι
899 2831 989 2886 τὸν
1019 2830 1248 2906 Κύριον,
1296 2831 1386 2886 καί
1441 2832 1689 2906 σχήματι
1734 2829 1961 2906 εὸρνθῆ-

308 2943 397 2977 ναι.
427 2922 503 2983 ὡς
535 2922 835 2997 ἄνθρωπον,
883 2920 935 2975 οἱ
991 2921 1297 2993 Μανιχαῖοι
1344 2923 1524 2981 κακῶς
1576 2913 1961 2992 ἐκλαϐὁμενοι,

314 3012 523 3086 αἳρεσιν
573 3010 783 3073 ἑαυτοῖς
846 3011 1240 3080 συνεστήσαντο
1284 3009 1602 3085 φάσκοντες,
1653 3009 1789 3062 κατᾶ
1833 3027 1960 3085 φαν-

2391 2624 2669 2677 llzreseos
2705 2623 3071 2691 prmcedentis
3100 2628 3424 2695 confutatio.

2140 2736 2534 2808 Apostolicam
2572 2754 2791 2808 vocem,
2852 2756 2963 2812 quo
3018 2741 3294 2798 Dominus
3326 2747 3383 2799 in
3433 2744 3718 2800 hominum

2067 2825 2495 2883 similitudinem
2540 2828 2739 2897 Γαβίοις,
2775 2832 2826 2885 et
2872 2830 3067 2886 habitu
3097 2830 3351 2887 inventus
3398 2841 3460 2889 ut
3484 2834 3641 2890 homo
3672 2832 3720 2869 9⁸

2067 2915 2252 2972 fuisse
2303 2915 2535 2984 dicitur,
2593 2918 2897 2974 Manicbaai
2938 2919 3090 2976 male
3129 2921 3564 2993 detorquentes,
3608 2923 3719 2979 his-

2072 3004 2228 3060 resin
2259 3021 2427 3061 suam
2475 3006 2923 3074 constituerunt,
2980 3008 3223 3080 solaque
3253 3010 3583 3081 phantasia,
3616 3028 3718 3068 seu

307 3102 497 3155 τασίαν
547 3100 717 3174 μόνην
793 3100 1024 3177 ὀφθῆναι
1098 3100 1190 3156 καὶ
1264 3101 1452 3154 παθεῖν
1527 3099 1620 3154 τὸν
1692 3096 1952 3173 Χριστόν.

2068 3092 2468 3163 simulatione,
2510 3095 2805 3151 Christum
2838 3099 3200 3169 apparuisse,
3233 3103 3290 3155 et
3320 3116 3558 3172 passum
3590 3117 3721 3157 esse

308 3192 508 3263 Ἥμεῖς
541 3187 596 3244 δὲ
625 3190 653 3243 ὁ
682 3195 783 3259 τῆς
813 3188 1031 3269 φυτείας
1078 3192 1316 3261 Χριστοῦ
1356 3186 1518 3256 λεὼς,
1551 3188 1613 3242 τὸ
1661 3186 1711 3241 ἐν
1746 3186 1958 3259 ὁμοιώ-

317 3301 445 3353 ματι
504 3279 795 3354 ἀνθρώπου
851 3278 1094 3353 γενέσθαι
1167 3279 1258 3333 καὶ
1334 3280 1583 3356 σχήματι
1650 3277 1958 3351 εὑρεθῆναι⁷

306 3369 454 3424 οὕτω
493 3363 766 3430 θεοσεϐῶς
828 3372 968 3422 νοεῖν
1035 3364 1425 3445 ἐδιδάχθημεν,
1486 3367 1575 3421 καὶ
1632 3364 1957 3437 πιστεύομεν

308 3458 394 3513 ὅτι
433 3460 533 3529 τὴν
582 3458 857 3532 ἡμετέραν
897 3459 1055 3536 φύσιν
1110 3452 1442 3533 προσλαϐὼν
1493 3456 1582 3511 καὶ
1641 3459 1759 3518 ἴσος
1818 3458 1954 3527 ἡμῖν

308 3544 465 3622 ὤφθη
497 3547 589 3602 καὶ
621 3548 818 3621 ὅμοιος
850 3548 925 3609 ὡς
960 3549 1173 3626 μορφὴν
1206 3544 1409 3601 δούλου
1442 3541 1645 3618 λαϐών,
1678 3548 1803 3616 ἢτοι
1854 3544 1958 3623 φύ-

311 3658 393 3693 σιν
424 3637 714 3711 ἀνθρώπου
756 3635 1063 3709 δεξάμενος,
1123 3637 1185 3692 οὐ
1234 3637 1370 3691 κατὰ
1416 3634 1763 3710 ἀνθρωπίνην
1818 3634 1955 3690 ἀκο-

312 3725 542 3781 λουθίαν
570 3725 719 3781 ἀλλὰ
748 3723 878 3802 δίχα
910 3726 1238 3801 σπέρματος.
1267 3726 1336 3780 Τὸ
1374 3726 1466 3799 μὲν
1512 3728 1615 3800 γάρ
1662 3724 1720 3780 ἐκ
1765 3745 1956 3799 γυναι-

308 3816 401 3879 κὲς
469 3815 781 3891 προελθεῖν,
849 3815 1187 3889 ἀνθρώπινον
1252 3816 1340 3870 καὶ
1403 3816 1552 3887 αὖτῷ
1600 3818 1683 3887 τῷ
1738 3814 1957 3890 Χριστῷ

300 3904 467 3960 ἴδιον
500 3906 563 3960 τὸ
596 3903 653 3960 δὲ
679 3904 739 3959 ἐκ
793 3907 1083 3979 παρθένου,
1136 3905 1268 3980 ὑπὲρ
1309 3903 1590 3978 ἄνθρωπον
1639 3903 1729 3957 καὶ
1785 3903 1955 3976 μόνου

300 3998 564 4071 Χριστοῦ.
607 3996 672 4052 Ei.
711 3994 811 4071 γὰρ
852 3996 940 4049 καὶ
978 3996 1040 4050 τὸ
1082 3994 1420 4068 ἂνθρώπινον
1464 3992 1603 4055 εἶδος
1663 3994 1804 4067 εἶχε,
1864 3990 1953 4046 καὶ

301 4083 527 4156 ἀληθῶς
586 4085 719 4140 αὐτὸ
773 4086 1101 4158 περιέκειτο,
1162 4083 1418 4138 ἀλλὀοὗν
1460 4081 1625 4137 πλέον
1669 4083 1819 4158 εἶχεν
1861 4080 1952 4134 ἀν-

303 4174 551 4247 θρώπου,
587 4175 647 4229 τὸ
684 4177 759 4247 μὴ
811 4173 971 4249 ψιλὸν
1027 4172 1187 4228 αυτὸν
1249 4172 1386 4226 εἶναι
1451 4170 1763 4247 ἄνθρωπον,
1824 4167 1951 4223 ἀλλ’

295 4261 583 4335 ἡνωμένον
618 4264 859 4334 θεότητι’
902 4263 991 4317 καὶ
1031 4261 1221 4322 ἃλλως
1261 4258 1318 4315 δὲ
1358 4259 1526 4315 εἰπεῖν
1580 4258 1643 4314 τὸ
1685 4257 1949 4331 ὁμοίωμα

289 4352 480 4407 καὶτὸ
516 4355 729 4431 σχῆμα,
770 4352 860 4408 καὶ
921 4353 984 4408 τὸ
1044 4345 1358 4425 ἀμφίϐολον
1412 4353 1508 4404 τοῦ
1568 4346 1943 4422 ἐπιῤῥήματος

2066 3182 2354 3239 dixerunt.
2403 3183 2520 3239 Nos
2570 3189 2789 3253 autem,
2829 3187 2928 3257 qui
2970 3186 3219 3259 populus
3267 3205 3491 3256 sumus,
3544 3207 3717 3261 quem

2066 3272 2328 3329 Christus
2374 3273 2681 3344 plantavit,
2715 3275 2908 3347 ipsum
2943 3276 3004 3331 in
3035 3278 3421 3336 similitudine
3461 3280 3718 3337 hominis

2066 3364 2328 3431 fuisse,et
2358 3365 2559 3421 habitu
2592 3366 2893 3423 inventum
2919 3368 3030 3424 hoc
3055 3385 3229 3426 sensu
3263 3372 3356 3441 pie
3395 3371 3718 3443 intelligere

2064 3453 2399 3522 didicimus,
2430 3456 2495 3509 ut
2525 3459 2582 3510 et
2624 3455 2943 3523 credimus,
2976 3474 3106 3514 eum
3142 3460 3382 3531 scilicet,
3414 3468 3720 3531 assumpta

2065 3548 2275 3598 natura
2291 3544 2689 3612 nostra,nobis
2706 3547 2989 3618 aequalem
3008 3551 3065 3604 et
3080 3548 3333 3606 similem
3351 3550 3718 3622 apparuisse,

2062 3635 2129 3688 ut
2153 3632 2248 3705 qui
2279 3632 2431 3689 servi
2466 3634 2713 3690 formam
2743 3637 3084 3709 accepisset,
3115 3655 3216 3693 seu
3250 3638 3510 3694 hominis
3542 3642 3714 3694 natu-

2062 3741 2186 3781 ram
2228 3726 2673 3798 assumpsisset,
2699 3743 2805 3783 nec
2834 3744 2961 3784 eam
3013 3729 3253 3799 quidem
3284 3729 3544 3785 humana
3573 3744 3713 3785 con-

2063 3815 2301 3884 ditione,
2332 3817 2434 3872 sed
2466 3817 2687 3887 absque
2719 3817 2962 3873 semine.
2996 3818 3158 3881 Quod
3180 3819 3335 3873 enim
3366 3835 3432 3874 ex
3467 3819 3715 3877 muliere

2063 3904 2857 3976 processerit,humanum,id
2883 3905 3114 3977 ipsique
3146 3906 3379 3963 Christo
3412 3909 3710 3980 proprium

2062 3992 2190 4048 fuit.
2223 3993 2384 4057 Quod
2417 4008 2551 4048 vero
2584 4007 2654 4047 ex
2700 3993 2947 4065 virgine,
2982 3994 3039 4049 id
3075 3994 3333 4052 humana
3377 3997 3713 4054 conditione

2060 4082 2457 4153 praestantius,
2499 4085 2672 4152 atpue
2696 4082 2992 4153 proprium
3021 4083 3231 4139 Christi
3263 4084 3445 4141 solius
3472 4086 3713 4145 exstitit.

2060 4171 2179 4225 Etsi
2213 4172 2371 4226 enim
2422 4171 2683 4227 humana
2716 4172 2903 4228 forma
2932 4190 3065 4230 vere
3112 4175 3392 4247 prazditus
3424 4182 3567 4243 erat,
3601 4178 3713 4235 hoc

2056 4264 2252 4316 tamen
2306 4260 2605 4317 hominem
2657 4263 2989 4335 superabat,
3052 4266 3207 4336 quod
3242 4265 3411 4322 homo
3461 4268 3710 4339 simplex

2058 4352 2322 4405 nudusve
2354 4366 2467 4406 non
2494 4354 2670 4419 esset,
2718 4354 2775 4406 at
2801 4350 3091 4408 divinitati
3139 4355 3507 4425 conjunctus.
3563 4357 3718 4412 Alio-

289 4458 380 4512 το,
412 4444 500 4503 Ὠς
542 4443 844 4516 ἂνθριυπος,
888 4440 1137 4497 δοκοῦσιν
1181 4442 1298 4495 οἷον
1322 4444 1403 4512 τῷ
1444 4446 1543 4508 τῆς
1593 4435 1937 4512 ένανθρωπήο

2064 4440 2173 4511 qui,
2207 4443 2270 4493 ut
2296 4439 2377 4494 ita
2417 4440 2630 4506 dicam,
2690 4439 3039 4507 similitudo,
3091 4447 3147 4498 et
3196 4442 3452 4514 habitus,
3486 4447 3543 4500 et
3595 4445 3704 4501 ad-

292 4551 432 4593 σεως
465 4529 616 4605 λόγῳ
657 4530 1034 4604 λυμαίνεσθαι.
1083 4531 1234 4599 Πλὴν
1274 4529 1380 4606 οὐχ
1426 4529 1617 4601 ὅμοιος
1663 4525 1937 4600 ἀνθρώπῳ

288 4624 319 4677 ὁ
352 4622 554 4697 Κύριος
584 4617 817 4699 γέγονεν,
879 4620 1004 4677 ἀλλ’
1065 4619 1346 4695 ἅνθρωπος
1393 4618 1604 4679 τέλειος
1663 4614 1773 4672 οὐδ’
1827 4615 1939 4669 ὥσ-

286 4714 390 4788 περ
427 4710 477 4765 ἐν
528 4716 701 4785 σκηνῇ
770 4709 1262 4787 δραματουργτςσας
1327 4708 1390 4763 τὸ
1456 4712 1635 4781 σῶμα,
1693 4706 1782 4762 καὶ
1840 4707 1938 4775 τὴν

286 4801 602 4875 οἰκονομίαν
640 4803 969 4877 ὑποκριθεὶς,
1002 4796 1407 4875 ὑποϐολιμαῖον
1455 4804 1800 4872 προσωπεῖον
1848 4801 1938 4855 τὸν

283 4889 579 4965 ἄνθρωπον
638 4890 828 4963 ἔξωθεν
878 4886 1255 4967 περιεϐάλετο,
1304 4891 1421 4955 οἰῖθ’
1476 4891 1657 4965 ὥσπερ
1706 4891 1762 4944 αἱ
1802 4891 1939 4945 κατᾶ

280 4984 393 5035 τῶν
433 4980 642 5060 τοίχων
673 4980 760 5036 διὰ
793 4981 1105 5057 χρωμάτων
1145 4981 1313 5052 σκιαὶ,
1381 4985 1578 5056 σχῆμα
1634 4980 1799 5053 μόνον
1847 4978 1936 5034 καὶ

282 5070 350 5124 οὐ
381 5071 483 5140 τὴν
516 5076 612 5126 τοῦ
646 5070 933 5143 ἀνθρώπου
967 5072 1125 5149 φύσιν
1157 5069 1548 5148 προσείληφεν,
1588 5069 1662 5131 ὡς
1713 5071 1789 5141 μή
1838 5089 1936 5123 κυ-

285 5159 419 5235 ρίως
452 5161 583 5215 εἶναι
631 5160 934 5232 ἄνθρωπος,
994 5158 1123 5216 ἀλλ’
1172 5162 1246 5223 ὡς
1306 5158 1593 5235 ἄνθρωπος
1638 5158 1933 5235 φαίνεσθαι.

279 5248 470 5302 Ταῦτα
508 5247 608 5323 γὰρ
649 5249 683 5317 ἡ
719 5246 1044 5309 ἐπιπόλαιος
1074 5250 1172 5302 τοῦ
1204 5244 1581 5303 ἀποτσολικοῦ
1611 5243 1779 5319 λόγου
1816 5242 1937 5299 ἐπι-

278 5331 427 5405 ϐολὴ
461 5334 714 5411 ἐμφαίνει
751 5343 869 5402 τοῖς
933 5339 1009 5411 μή
1070 5336 1146 5399 εἷς
1207 5337 1269 5391 τὸ
1333 5336 1497 5412 βάθος
1552 5333 1932 5409 ἐγκύπτουσιν.

273 5422 437 5482 Ἀλλ’
490 5427 761 5493 οὐσιώσας
798 5426 849 5483 ἐν
929 5427 1104 5502 ἑαυτῷ
1168 5426 1271 5496 τὴν
1336 5422 1686 5499 ἀνθρωπίνην
1752 5422 1931 5501 φύσιν,

349 5636 400 5676 θι
431 5638 579 5697 Phil.
612 5639 677 5711 ιι,
715 5640 777 5703 7.

2050 4529 2253 4599 verbii,
2288 4534 2349 4585 ut
2381 4530 2576 4598 homo,
2622 4530 3002 4603 ambiguitas,
3035 4533 3458 4591 incarnationis
3489 4535 3705 4592 rationi

2050 4617 2205 4673 velut
2256 4618 2489 4674 ofﬁcere
2527 4618 2817 4677 videntur.
2850 4621 3132 4678 Caeterum
3183 4622 3466 4680 Dominus
3517 4624 3703 4679 haud-

2051 4723 2347 4780 quaquam
2376 4708 2589 4764 similis
2620 4709 2869 4777 homini,
2902 4712 3001 4766 sed
3032 4712 3321 4782 perfectus
3350 4714 3519 4770 homo
3553 4714 3696 4771 fuit:

2049 4813 2154 4853 nec
2184 4801 2466 4868 tanquam
2489 4796 2548 4852 in
2580 4799 2886 4870 proscenio
2910 4798 3163 4857 fabulam
3193 4804 3452 4869 acturus,
3486 4819 3698 4874 corpus

2047 4890 2106 4941 et
2135 4886 2627 4958 dispensationem
2663 4888 3393 4959 conﬁngens,subdititiam
3413 4891 3694 4960 hominis,

2049 4992 2359 5048 personam
2411 4976 2665 5031 exterius
2710 4978 3047 5047 assumpsit,
3106 4996 3209 5034 nec
3260 4984 3538 5050 tanquam
3574 4996 3696 5036 um-

2047 5068 2183 5133 brae,
2244 5084 2370 5139 quae
2425 5068 2683 5122 colorum
2741 5068 3100 5124 adminiculo
3144 5068 3465 5141 parietibus
3492 5072 3697 5142 appin-

2047 5161 2282 5229 guntur,
2334 5156 2594 5211 habitum
2630 5155 2844 5222 solum,
2890 5174 2993 5213 nec
3049 5158 3187 5215 item
3240 5160 3494 5215 hominis
3525 5164 3693 5217 natu-

2047 5263 2169 5301 ram
2224 5244 2562 5317 assumpsit,
2606 5244 2690 5301 ita
2747 5250 2810 5301 ut
2844 5263 2956 5301 non
3010 5249 3241 5320 proprie
3293 5248 3462 5305 homo
3495 5249 3691 5318 fuerit,

2046 5335 2148 5390 sed
2180 5339 2243 5389 ut
2273 5334 2447 5389 homo
2480 5334 2829 5405 apparuerit.
2855 5335 3006 5406 (Ilzec
3036 5338 3187 5393 enim
3224 5339 3485 5410 Apostoli
3517 5340 3694 5395 verba

2043 5422 2105 5479 in
2137 5422 2443 5496 superﬁcie
2471 5439 2585 5496 prae
2627 5440 2689 5481 se
2722 5425 2933 5497 lerunt,
2966 5427 3015 5483 si
3067 5428 3163 5499 qui
3192 5428 3543 5501 profundius
3574 5444 3688 5485 non
