4090 6192
429 392 589 452 1319

1750 391 2062 454 ΝΙΟΕΤλΕ
2102 393 2528 457 CHONIATIE

3699 399 3850 462 1320

427 526 1056 599 perscrutenlur.)1mo
1089 540 1222 582 vero
1256 529 1464 583 natura
1510 525 1771 582 hominis
1802 526 1872 582 ad
1907 541 2073 583 suam

2189 525 2424 602 ἐτήρησε
2485 523 2689 598 ταύτην
2755 523 2808 580 ἐν
2872 529 2942 600 τῇ
3005 528 3143 602 πρὸς
3201 527 3267 582 τὸ
3333 532 3480 593 θεῖον
3542 527 3840 600 ἀνακράσει

425 619 615 692 ipsius
651 618 1044 675 substantiam
1089 616 1405 691 applicata,
1460 618 1723 674 eamdem
1757 633 1892 676 cum
1923 617 2076 674 divi-

426 710 608 766 nitate
675 709 1039 764 commistam
1115 707 1201 764 ita
1287 707 1664 774 conservavit,
1735 711 1802 764 ut
1885 723 2076 780 neque

429 813 562 853 cum
619 795 718 853 illa
775 797 1254 866 confunderetur,
1333 811 1522 868 neque
1592 799 2072 854 commutaretur.

427 888 886 960 Similitudincm
931 903 1098 962 porro
1145 888 1580 960 quodammodo
1633 886 1916 960 duplicem
1947 901 2076 946 esse

429 975 768 1042 didicimus,
810 975 994 1032 altera
1025 975 1180 1032 enim
1229 977 1300 1032 de
1346 991 1411 1032 re
1454 975 1686 1045 dicitur,
1729 991 1855 1047 quae
1885 978 2074 1031 muta-

429 1065 576 1122 tioni
607 1067 858 1124 obnoxia
904 1070 1016 1137 est,
1050 1066 1230 1122 altera
1279 1083 1410 1122 vero
1441 1066 1512 1122 de
1562 1082 1644 1138 re,
1684 1082 1812 1138 quas
1843 1081 2078 1138 semper

427 1158 632 1214 eadem
665 1161 881 1212 manet.
933 1158 1224 1230 Imagines
1255 1157 1436 1224 enim,
1469 1172 1592 1229 quae
1640 1156 1712 1213 ab
1757 1153 2074 1227 exemplari

429 1251 862 1319 processerunt,
895 1246 945 1304 si
987 1247 1142 1304 inter
1169 1263 1230 1304 se
1276 1247 1672 1314 conterantur,
1719 1244 1944 1302 similes
1979 1259 1992 1300 :
2025 1243 2077 1300 si

427 1352 563 1392 cum
615 1335 961 1407 exemplari,
1017 1335 1270 1408 aequales
1312 1352 1442 1392 esse
1487 1334 1738 1392 dicimus
1781 1337 1888 1390 :at
1941 1347 2074 1390 vero

429 1442 561 1484 cum
593 1427 908 1499 exemplari
948 1427 1029 1483 ita
1060 1427 1454 1494 conferuntur,
1507 1434 1568 1482 ut
1609 1442 1734 1498 quae
1766 1423 2074 1482 mutalioni

428 1523 562 1572 sunt
591 1515 874 1584 obnoxiae,
903 1531 1016 1586 quo
1045 1515 1326 1572 nimirum
1370 1518 1428 1572 et
1454 1513 1808 1587 exemplaris
1837 1517 1895 1570 et
1923 1513 2074 1570 ima-

426 1605 582 1678 ginis
613 1606 762 1662 ratio
793 1605 1022 1662 diversa
1049 1611 1315 1663 servetur
1347 1623 1361 1662 :
1397 1605 1552 1662 inter
1581 1621 1644 1662 se
1671 1619 1830 1676 vero,
1857 1607 1916 1660 ut
1949 1619 2077 1675 quas

426 1694 587 1752 nullo
615 1695 966 1752 commutari
997 1696 1171 1754 modo
1198 1699 1434 1768 queant,
1475 1701 1536 1750 ut
1566 1693 1850 1751 nimirum
1882 1709 2078 1750 exem-

425 1785 610 1856 plaris
640 1801 875 1858 quoque
900 1784 1186 1856 imagines
1210 1787 1609 1855 permaneant.
1633 1783 1846 1840 Beatus
1877 1783 2074 1854 itaque

2183 615 2498 693 ἀσύγχυτόν
2573 637 2632 671 τε
2706 612 3104 672 ἀναλλοίωτον.
3183 615 3396 687 Διπλῆν
3471 614 3532 674 δὲ.
3584 639 3711 674 τινα
3745 622 3844 692 τήν

2187 703 2492 778 ὁμοιότητα
2521 702 2904 780 διδασκόμεθα·
2936 707 3038 776 τὴν
3087 706 3208 780 μὲν,
3256 707 3319 762 τὸ
3369 706 3848 784 παρηλλαγμένον

2184 789 2437 868 ἔχουσαν·
2481 795 2578 866 τήν
2609 791 2686 866 δὲ,
2715 795 2815 865 τήν
2864 795 3176 868 ταύτότητα
3221 795 3528 866 σώζουσαν.
3581 797 3699 860 Τάς
3749 799 3844 872 μὲν

2182 883 2286 960 γαρ
2318 884 2422 940 ἀπὸ
2451 887 2550 940 τοῦ
2579 884 2940 960 πρωτοτύπου
2987 881 3364 959 προελθούσας
3419 885 3659 952 εἰκόνας,
3709 887 3850 964 πρός

2183 994 2242 1030 τε
2271 971 2521 1046 ἀλλήκας
2553 974 2750 1048 ὁμοίας
2781 973 2918 1030 εἴναί
2959 995 3132 1052 φαμεν
3184 974 3276 1030 καὶ
3319 977 3458 1050 πρὸς
3507 983 3572 1031 τὸ
3621 982 3848 1051 πρωτό-

2185 1082 2375 1120 τυπον·
2407 1060 2556 1119 ἀλλά
2583 1063 2721 1137 πρὸς
2753 1063 2848 1136 μὲν
2895 1061 2956 1118 τὸ
3007 1064 3394 1140 πρωτότυπον,
3435 1064 3836 1142 παρηλλημὲ·

2183 1173 2316 1223 νως,
2349 1151 2498 1215 ὅπως
2531 1149 2597 1222 δὴ
2628 1153 2716 1208 καὶ
2752 1153 2780 1206 6
2812 1156 2908 1210 τοῦ
2937 1151 3252 1228 ἀρχετύπου
3311 1151 3510 1229 λόγος,
3557 1155 3652 1210 καὶ
3686 1157 3714 1210 6
3744 1163 3844 1226 τῆς

2185 1241 2394 1306 εἰκόνος
2452 1241 2676 1313 σωθείησ
2739 1240 2878 1319 πρὸς
2945 1238 3004 1297 δὲ
3057 1239 3314 1312 ἀλλήλας
3371 1242 3838 1320 ἀπαραλλάκτως,

2182 1331 2268 1387 ἳνα
2299 1329 2367 1402 δὴ
2415 1331 2508 1387 καὶ
2566 1329 2768 1395 εἰκόνες
2805 1334 2904 1386 τοῦ
2958 1331 3323 1406 πρωτοτύπου
3382 1330 3616 1405 μὲνειεν.
3674 1335 3768 1391 Καὶ
3809 1337 3839 1391 6

2187 1423 2330 1486 θεῖος
2360 1423 2540 1478 τοίνυν
2573 1420 2880 1484 ἀπόστολος
2912 1421 3107 1495 ὅμοιόν
3147 1421 3283 1500 φησὶ
3311 1427 3394 1496 τῷ
3435 1423 3713 1499 ἀνθρώπῳ
3741 1423 3834 1481 τόν

2186 1512 2339 1582 Θεὸν,
2387 1511 2524 1568 κατὰ
2578 1513 2640 1566 τὸ
2696 1517 2797 1582 τῆς
2839 1510 3025 1574 οὐσίας
3073 1510 3524 1587 ἀπαράλλακτον·
3565 1512 3718 1569 alia
3755 1515 3846 1569 καὶ

2183 1606 2264 1674 τῷ
2293 1602 2544 1680 σχήματι
2577 1600 2740 1679 φησὶν
2773 1601 3060 1678 εὑρεθῆναι
3090 1599 3251 1656 αὐτὸν
3281 1602 3358 1664 ὡς
3406 1599 3713 1678 ἄνθρωπον,
3764 1605 3841 1660 Τὸ

2186 1687 2244 1746 δὲ
2273 1694 2466 1766 σχῆμα
2503 1687 2691 1760 διττὴν
2747 1685 2862 1766 ἔχει
2925 1691 3026 1760 τήν
3086 1687 3309 1762 ἔννοιαν,
3369 1692 3472 1760 τὴν
3534 1691 3842 1768 ὑποκριτὴν

2187 1775 2428 1850 δηλαδή,
2457 1779 2549 1834 καὶ
2576 1779 2676 1848 τήν
2710 1777 3000 1848 ἀληθινήν.
3043 1779 3264 1850 Ὅρθιον
3321 1778 3426 1853 γάρ
3481 1777 3543 1834 τὸ
3580 1782 3682 1834 τοῦ
3737 1779 3836 1834 ἀν-

418 1875 740 1954 Apostolus
775 1877 949 1931 Deum
970 1873 1194 1930 homini
1227 1873 1480 1930 similem
1507 1873 1673 1942 dicit,
1704 1872 1924 1928 ratione
1942 1873 2073 1928 sub-

2187 1869 2414 1943 ορώπου
2445 1868 2640 1943 σχῆμά
2670 1885 2863 1944 φαμεν
2904 1870 3066 1923 τοῦτο
3097 1863 3155 1921 δὲ
3181 1865 3464 1938 ἀληθινόν.
3521 1865 3700 1925 Ἀλλὰ
3745 1867 3844 1924 καὶ

423 1965 675 2036 stantius,
709 1981 834 2037 quae
865 1963 1010 2020 nulli
1052 1964 1362 2022 mutationi
1413 1963 1662 2020 obnoxia
1689 1967 1801 2020 est.
1832 1963 1940 2020 Sed
1967 1962 2074 2018 ha-

424 2055 548 2112 bitu
580 2055 752 2111 etiam
787 2055 1087 2110 inventum
1122 2063 1185 2110 ut.
1213 2051 1512 2110 hominem
1543 2053 1729 2110 addit.
1765 2053 1938 2109 Porro
1967 2051 2078 2108 ba-

424 2145 583 2200 bitus
602 2142 1201 2217 duplexinteltigitur,
1227 2142 1504 2199 nimirum
1534 2141 1775 2199 ﬁctitius
1795 2145 1856 2199 et
1880 2158 2071 2200 verus.

428 2235 672 2290 Rectum
721 2233 877 2289 enim
911 2232 1168 2288 hominis
1217 2231 1480 2288 habitum
1533 2247 1658 2289 esse
1707 2231 1984 2298 dicimus,
2017 2233 2074 2286 et

429 2321 520 2379 hic
549 2327 641 2380 est
685 2337 898 2379 verus:
931 2323 1031 2378 sed
1065 2321 1333 2378 habitum
1380 2321 1636 2379 Socratis
1683 2325 1785 2378 aut.
1815 2319 2075 2376 Platonis

425 2413 500 2468 ab
531 2412 641 2468 hoc
671 2411 758 2468 vel
788 2411 887 2468 illo
939 2427 1160 2480 eorum,
1211 2411 1309 2484 qui
1355 2427 1635 2484 personas
1666 2409 1724 2466 in
1756 2409 2074 2483 prosceniis

426 2504 738 2574 efﬁngunt,
787 2511 1152 2574 assumptum
1201 2519 1329 2558 esse
1367 2501 1640 2571 dicimus,
1689 2501 2073 2573 quemadmo-

423 2593 561 2648 dum
592 2592 652 2647 in
686 2591 899 2650 fabulis
931 2608 1031 2650 seu
1062 2591 1360 2649 comoediis
1391 2597 1449 2648 et
1477 2591 1802 2664 tragmdiis,
1825 2591 2072 2664 agendis

419 2685 594 2739 antea
627 2683 806 2738 moris
829 2686 956 2740 erat
985 2699 998 2736 :
1028 2686 1201 2754 atque
1233 2681 1328 2737 hic
1351 2682 1522 2738 ﬁctus
1552 2686 1610 2738 et
1629 2681 1810 2738 falsus
1839 2681 2071 2738 habitus

419 2775 530 2828 est.
563 2771 682 2828 Hoc
723 2773 912 2844 itaque
959 2769 1086 2828 loco
1139 2770 1376 2826 habitus
1426 2770 1726 2827 veritatem
1783 2786 2072 2843 praemon-

419 2863 588 2917 strat.
625 2861 832 2917 liabitu
884 2861 1038 2918 enim
1103 2861 1388 2916 Dominus
1438 2860 1709 2916 inventus
1743 2866 1826 2916 est
1868 2859 2064 2927 homo,

2183 1959 2246 2014 τὸ
2270 1965 2464 2036 σχῆμα
2482 1953 2670 2013 λαϐεῖν
2701 1957 3031 2033 Σωκράτους
3060 1955 3097 2026 ἤ
3132 1955 3428 2020 Πλάτωνος
3451 1954 3613 2013 τόνδε
3641 1957 3680 2028 ἢ
3707 1957 3849 2014 ἐκεῖ-

2184 2068 2274 2105 νον
2307 2053 2416 2104 τῶν
2447 2047 2886 2124 ὑποκρινομὲνων
2915 2043 2970 2102 ἐν
3021 2051 3140 2109 ταῖς
3188 2051 3411 2118 σκηναῖς
3455 2046 3526 2103 τά
3576 2047 3854 2123 πρόσωπα

2185 2139 2260 2200 ὡς
2299 2137 2352 2192 ὲν
2392 2142 2511 2202 τοῖς
2549 2134 2818 2212 δράμασιν
2886 2140 3106 2212 πρῶτον
3163 2135 3395 2214 ἐγίνετο·
3457 2141 3626 2193 τοῦτο
3681 2134 3741 2192 δὲ
3787 2138 3850 2193 τὸ

2183 2234 2379 2304 σχῆμα
2415 2225 2800 2301 πεπλασμένον
2861 2225 2972 2283 ἐστὶ
3040 2227 3130 2283 καὶ
3198 2225 3414 2302 ψευδές,
3472 2229 3740 2285 Ἐνταῦθα
3789 2225 3846 2284 δὲ

2185 2325 2379 2394 σχῆμα
2449 2318 2549 2387 τήν
2627 2315 2887 2388 ἀλήθειαν
2963 2315 3326 2373 ὑποδείκνυσι·
3403 2319 3663 2394 σχήματι
3728 2317 3834 2395 γὰρ

2185 2404 2372 2484 εὑρέθη
2405 2406 2432 2461 6
2465 2404 2664 2481 Κύριος
2695 2403 3004 2482 ἄνθρωπος,
3028 2406 3304 2462 τουτέστιν
3331 2405 3470 2480 αὐτῇ
3505 2411 3578 2482 τῇ
3600 2405 3838 2464 τοιῶσδε

2183 2493 2634 2572 ἐσχηματισμὲνῃ
2669 2494 2987 2571 ἀνθρωπίνῃ
3021 2495 3196 2568 οὐσίᾳ·
3227 2496 3296 2551 οὐ
3337 2497 3444 2572 γάρ
3492 2497 3597 2566 τήν
3652 2495 3842 2552 οὐσίαν

2185 2586 2357 2660 μόνην
2387 2589 2484 2640 τοῦ
2515 2585 2805 2661 ἀνθρώπου
2845 2584 2898 2640 ἐν
2944 2588 3013 2659 τῇ
3065 2585 3240 2656 οἰκείᾳ
3290 2586 3584 2642 ὑποστάσει
3639 2587 3844 2643 οὐσίωο

2180 2696 2256 2747 σε,
2297 2677 2398 2746 τήν
2436 2672 2494 2730 δὲ
2558 2675 2774 2752 μορφὴν
2842 2673 2967 2744 ἢτοι
3034 2675 3096 2730 τὸ
3161 2673 3215 2730 ἐν
3289 2675 3441 2748 αὐτῷ
3494 2677 3845 2752 ἀνθρώπινον

2181 2772 2377 2842 σχῆμα
2407 2763 2641 2820 ἀλλοῖον
2672 2760 2817 2840 ἔχων
2861 2763 3128 2840 προῆλθε,
3177 2764 3268 2820 καί
3319 2764 3430 2841 οὐχ
3477 2766 3597 2821 οἷον
3653 2768 3845 2840 ἡμεῖς,

2179 2854 2326 2912 ἀλλά
2355 2853 2446 2910 καὶ
2472 2851 2629 2926 οὐσίᾳ
2655 2853 2744 2908 καὶ
2777 2855 3028 2930 σχήματι
3058 2853 3248 2929 εὑρέθη
3281 2855 3356 2917 ὡς
3384 2854 3699 2930 ἄνθρωπος.

424 2949 528 3006 hoc
586 2955 675 3006 est
725 2950 854 3022 ipsa
901 2951 1160 3007 humana
1215 2949 1560 3018 substantia,
1591 2965 1716 3021 quae
1748 2948 1850 3006 tali
1907 2947 2110 3005 habitu
2143 2947 2442 3004 eﬁ'ormata
2479 2949 2602 3002 erat.
2631 2962 2644 2994 :
2677 2961 2783 3002 nec
2812 2945 2967 3002 enim
3017 2945 3203 3002 solam
3259 2945 3522 3003 hominis
3553 2948 3845 3006 substan-

421 3041 564 3095 tiam
624 3041 683 3094 in
762 3041 1011 3112 propriae
1097 3041 1477 3113 hypostaseos
1551 3037 1938 3095 substantiam
2021 3036 2324 3108 convertit,
2383 3034 2570 3092 forma
2651 3038 2874 3104 autem,
2932 3051 3031 3094 seu
3083 3035 3342 3092 humano
3398 3036 3603 3094 habitu
3665 3053 3842 3109 quem

415 3131 833 3200 assumpserat.
872 3129 1125 3200 diverso,
1167 3145 1272 3186 nec
1323 3132 1526 3186 nostro
1555 3127 1803 3186 assimili
1841 3125 2118 3201 praeditus
2146 3124 2452 3200 processit,
2499 3125 2600 3182 sed
2645 3129 2703 3181 et
2733 3124 3062 3182 substantia
3092 3131 3148 3181 et
3176 3124 3382 3182 habitu
3439 3125 3723 3184 inventus
3755 3137 3846 3186 est

415 3221 482 3276 ut
520 3217 719 3276 homo.

489 3361 770 3418 Caeterum
814 3362 926 3418 duo
957 3361 1247 3434 principia
1277 3379 1394 3420 non
1425 3377 1578 3435 esse,
1628 3377 1875 3435 quorum
1925 3361 2063 3420 alle-
2096 3363 2139 3431 C

417 3465 547 3506 rum
580 3450 818 3519 bonum,
852 3449 1102 3506 alterum
1136 3450 1354 3507 malum
1388 3452 1487 3518 sit,
1519 3455 1586 3508 ut
1623 3451 2071 3508 Manichaeorum

417 3537 630 3594 astruit
659 3537 946 3610 impietas,
971 3537 1110 3594 hinc
1141 3538 1297 3594 haud
1339 3539 1517 3594 dubie
1548 3539 1920 3612 perspicuum
1955 3539 2071 3596 (iet.

419 3627 638 3682 Bonum
688 3631 745 3682 et
792 3626 1013 3684 malum
1072 3626 1222 3684 inter
1263 3642 1326 3684 se
1356 3628 1650 3685 contraria
1701 3631 1864 3696 sunt,
1895 3643 2095 3700 seque'

418 3721 620 3774 mutuo
671 3715 990 3789 perimunt,
1049 3731 1157 3774 nec
1205 3715 1380 3774 simul
1429 3717 1748 3776 consistere
1799 3721 2072 3789 possunt,

416 3807 916 3879 quemadmodum
949 3820 1136 3878 neque
1165 3805 1262 3864 lux
1295 3822 1426 3864 cum
1454 3805 1714 3863 tenebris
1747 3805 2072 3864 subsistere

416 3901 624 3968 potest.
661 3895 911 3952 Proinde
959 3893 1168 3953 horum
1218 3896 1675 3969 unumquodque
1727 3912 1864 3968 pars
1893 3895 2070 3952 totius

417 3987 610 4042 futura
638 3991 729 4043 est
756 4001 770 4042 :
805 3989 863 4042 et
889 3985 1144 4058 primum
1188 3986 1422 4058 quidem
1454 3985 1666 4042 horum
1702 3984 2070 4057 unumquod-

418 4092 532 4148 que
591 4093 710 4133 non
755 4093 790 4133 a
818 4079 941 4132 toto
989 4075 1199 4148 solum,
1257 4076 1358 4133 sed
1401 4077 1568 4132 etiam
1608 4093 1643 4133 a
1701 4075 1877 4132 totius
1907 4078 2072 4148 parte

415 4164 952 4224 circumsCribetur.
1003 4164 1148 4231 Quis
1200 4165 1358 4222 enim
1408 4165 1738 4236 contrariis,
1797 4163 2066 4220 nimirum

417 4254 574 4311 bono
614 4259 671 4311 et
724 4253 900 4322 malo,
950 4255 1104 4310 viam
1165 4253 1534 4326 pra-cludet?
1573 4270 1681 4312 nec
1736 4254 1890 4310 enim
1938 4253 2070 4326 quis

413 4347 726 4416 utrumque
756 4343 931 4400 simul
963 4343 1133 4400 domo
1163 4345 1366 4417 pedem
1399 4343 1622 4414 eilerre,
1649 4342 2070 4416 conciliarique

407 4432 560 4490 inter
581 4452 644 4491 se
675 4435 886 4491 dixerit
920 4451 935 4491 :
961 4435 1436 4508 quandoquidem
1461 4451 1534 4492 ne
1560 4434 1782 4490 malum
1806 4435 2070 4508 quidem,

409 4524 472 4580 id
504 4528 614 4591 est,
662 4539 730 4580 ex
770 4540 889 4596 quo
920 4540 1030 4596 pax
1093 4525 1301 4592 oritur,
1359 4525 1627 4597 quodque
1682 4529 1987 4596 tantopere
2039 4541 2073 4581 a

413 4613 566 4669 bono
599 4617 832 4669 amatur
867 4629 882 4669 :
911 4629 1100 4686 neque
1131 4613 1348 4670 bonum
1397 4613 1655 4670 vicissim
1705 4615 1924 4671 bonum
1957 4617 2071 4680 est,

2247 3361 2370 3416 Ὅτι
2412 3355 2469 3415 δὲ
2508 3359 2572 3414 οὐ
2615 3355 2710 3414 δύο
2750 3356 2922 3437 ἀρχαί
2979 3355 3085 3415 sic".
3145 3357 3284 3416 κατά
3339 3363 3447 3417 τῶν
3503 3363 3839 3438 Μανιχαίων

2183 3448 2472 3522 ἀθεότητα,
2515 3448 2612 3522 μία
2644 3449 2740 3522 μὲν
2768 3448 2964 3524 ἀγαθὴ,
2997 3449 3150 3526 ἕτερα
3208 3447 3266 3506 δὲ
3307 3452 3546 3526 πονηρὰ,
3587 3451 3840 3518 ἐντεῦθεν

2182 3538 2459 3612 εἰσόμεθα.
2495 3539 2746 3594 Ἐναντία
2781 3538 2914 3594 εἰσὶν
2946 3536 3224 3610 ἀλλήλοις
3270 3541 3332 3595 τὸ
3373 3541 3576 3617 ἀγαθὸν
3630 3543 3728 3598 καὶ
3777 3545 3844 3600 τὸ

2180 3627 2438 3704 πανηρόν·
2471 3626 2564 3684 καὶ
2596 3629 2863 3706 φθαρτικά
2889 3626 3183 3700 ἀλλήλων,
3213 3631 3305 3685 καί
3363 3629 3414 3685 ἐν
3463 3629 3774 3702 ἀλλήλοις,
3805 3632 3844 3704 ἤ

2178 3716 2274 3774 σὺν
2306 3715 2585 3788 ἀλλήλοις
2628 3716 2737 3796 οὐχ
2792 3718 3144 3795 ὑφιστάμενοι·
3187 3716 3370 3794 ὥσπερ
3423 3717 3552 3776 οὐδὲ
3607 3722 3673 3778 τὸ
3721 3727 3846 3799 ςῶς

2177 3807 2269 3864 καὶ
2297 3807 2360 3864 τὸ
2391 3808 2600 3870 σκότος.
2664 3809 2931 3864 Ἕκαστον
2985 3805 3076 3863 οὖν
3130 3806 3337 3864 τούτων
3403 3809 3456 3864 ἐν
3511 3809 3658 3886 μέρει
3712 3806 3831 3868 ἔστι

2175 3900 2274 3952 τοῦ
2329 3897 2554 3960 παντός.
2613 3897 2712 3951 Καὶ
2765 3900 2983 3970 πρῶτον
3049 3897 3142 3970 μὲν
3197 3901 3656 3975 περιγραεςιήσεται
3715 3900 3837 3978 οὐχ

2181 3986 2285 4044 ὑπὸ
2311 3989 2410 4043 τοῦ
2460 3986 2662 4048 παντὸς
2719 3985 2907 4059 μόνον,
2970 3984 3117 4042 ἀλλὰ
3173 3985 3262 4042 καὶ
3307 3987 3413 4043 ὑπὸ
3477 3987 3672 4064 μέρους
3726 3994 3840 4045 τοῦ

2175 4075 2376 4139 παντὸς
2402 4075 2610 4132 τούτων
2643 4072 2886 4140 ἕκαστον.
2919 4075 3147 4133 Ἒπεετα
3176 4076 3256 4140 τίς
3289 4079 3318 4132 6
3348 4079 3448 4148 τὴν
3483 4080 3676 4158 χώραν
3710 4086 3840 4145 τοῖς

2175 4164 2455 4234 ἐναντίοις,
2487 4170 2566 4238 τῷ
2596 4169 2820 4241 πονηρῷ
2861 4161 3078 4236 δηλαδή
3124 4166 3216 4221 καὶ
3269 4171 3350 4239 τῷ
3389 4168 3578 4242 ἀγαθῷ
3629 4169 3846 4226 ἀποτε-

2181 4254 2458 4330 μόμενος;
2491 4253 2568 4312 Οὐ
2615 4253 2716 4329 γὰρ
2777 4255 2838 4308 ἄν
2887 4274 2971 4316 τις
3019 4255 3236 4330 φήσειεν
3295 4253 3503 4312 οἷ’κοθεν
3546 4257 3847 4336 ἀμφότερα

2178 4347 2574 4420 συνενειχθῆναι
2627 4343 2720 4398 καὶ
2777 4338 3236 4418 συμϐιϐασῦῆναι”
3307 4343 3422 4401 ἐπεὶ
3480 4345 3612 4403 οὐδὲ
3668 4352 3846 4406 κακὸν

2177 4435 2242 4492 τὸ
2271 4435 2436 4490 κακὸν
2469 4435 2696 4510 εἰρήνην
2743 4431 2870 4509 ἄγον
2922 4434 3014 4490 καὶ
3071 4433 3428 4513 φιλιούμενον
3485 4442 3568 4511 τῷ
3627 4438 3846 4514 ἀγαθῷ.

2179 4521 2308 4580 οὐδὲ
2332 4523 2530 4600 ἀγαθὸν
2557 4521 2710 4586 αὖθις
2738 4523 2802 4578 τὸ
2833 4523 3056 4600 ἀγαθον,
3106 4523 3307 4604 φιλίως
3362 4528 3502 4601 πρὸς
3547 4527 3615 4582 τὸ
3670 4529 3848 4585 κακὸν

2179 4610 2546 4688 διακείμενον.
2586 4611 2651 4670 Ei
2699 4609 2746 4668 δ’
2800 4609 2985 4689 ἕτερος
3019 4614 3047 4669 6
3075 4613 3285 4671 τούτων
3333 4616 3544 4690 ἑκάστῳ
3586 4619 3694 4688 τήν
3751 4619 3848 4674 οἰ-

417 4701 571 4772 quod
607 4699 845 4773 quidem
878 4701 1033 4760 malo
1065 4703 1406 4760 benevolum
1438 4721 1502 4760 se
1529 4703 1803 4761 ostendit.
1828 4703 1987 4770 Quod
2023 4701 2072 4760 si

2183 4703 2328 4758 κείαν
2359 4701 2504 4772 τάξιν
2543 4701 2634 4757 καὶ
2686 4702 2788 4771 τήν
2837 4696 3122 4777 διατριϐὴν
3177 4702 3464 4780 ἀφορίσας,
3513 4705 3730 4768 ἐκεῖνος
3783 4706 3846 4763 ἄν

413 4789 544 4860 quis
566 4790 812 4848 aliorum
834 4791 1042 4864 cuique
1065 4793 1358 4866 propriam
1381 4793 1778 4865 sedem,quam
1811 4809 2069 4850 commo-

414 4879 529 4937 rari
565 4880 818 4954 possint,
867 4883 1152 4956 assignat,
1213 4881 1310 4939 ille
1341 4886 1494 4939 certe
1550 4882 1708 4938 solus
1757 4883 1867 4939 erit
1889 4882 2066 4955 Deus,

411 4969 508 5043 qui
537 4969 718 5027 simul
743 4974 801 5028 et
853 4973 1034 5029 semel
1065 4971 1386 5044 assumpsit
1431 4988 1518 5039 ea,
1551 4988 1674 5044 quae
1705 4971 1857 5030 inter
1887 4988 1950 5029 se
1979 4972 2067 5030 vel

411 5060 666 5118 maxime
696 5063 1124 5134 repugnabant.
1168 5062 1418 5118 Proinde
1449 5062 1693 5119 duorum
1725 5060 1974 5118 alterum
2007 5061 2068 5119 in

409 5151 505 5207 bis
534 5151 764 5208 eveniat
814 5168 1052 5209 necesse
1098 5157 1208 5221 est,
1261 5151 1544 5208 nimirum
1591 5158 1688 5208 aut
1728 5167 1794 5208 ea
1821 5150 1977 5207 inter
2005 5166 2070 5208 se

412 5241 777 5310 conveniant,
811 5257 1055 5316 seseque
1087 5245 1294 5298 mutuo
1341 5241 1638 5314 patiantur
1679 5256 1694 5298 :
1731 5240 1822 5300 vel
1858 5244 1921 5297 ut
1951 5257 2068 5298 me-

413 5329 575 5386 dium
622 5329 864 5403 aliquod
899 5331 1248 5402 intercedat,
1281 5347 1395 5404 quo
1426 5330 1644 5387 bonum
1691 5347 1727 5386 a
1773 5329 1928 5387 malo
1960 5345 2068 5387 se-

413 5426 702 5488 cernatur,
725 5420 916 5493 sitque
939 5421 1102 5493 quasi
1135 5427 1366 5494 septum
1383 5421 1618 5493 aliquod
1653 5424 2066 5490 transversum,

416 5517 530 5574 quo
558 5505 806 5565 alterum
862 5511 935 5566 ab
964 5511 1146 5568 altero
1203 5509 1546 5567 dirimatur:
1608 5513 1782 5582 atque
1835 5509 1921 5565 ita
1951 5525 2068 5566 non

408 5595 530 5664 jam
562 5593 698 5662 duo,
731 5600 830 5654 sed
875 5602 989 5657 tria
1034 5601 1324 5674 principia
1372 5603 1564 5672 erunt,
1610 5614 1857 5672 quorum
1883 5614 2068 5656 unum

2180 4791 2266 4864 εἰη
2304 4789 2516 4866 μᾶλλον
2548 4792 2678 4856 Θεὸς
2709 4791 2736 4847 6
2765 4790 2833 4846 τὰ
2877 4787 3138 4848 διεστῶτα
3176 4793 3537 4873 συνειληςσώς.
3588 4799 3846 4874 Ἀνάγκη

2180 4879 2238 4937 δὲ
2309 4879 2400 4936 καὶ
2439 4877 2592 4936 δυοῖν
2663 4879 2884 4956 θάτερον
2962 4879 3054 4936 ἐπὶ
3129 4885 3345 4947 τούτοις
3399 4880 3760 4958 συμϐαίνειν,
3809 4890 3845 4959 ἢ

2180 4973 2538 5036 συνάπτεσθαι
2571 4969 2664 5026 καὶ
2719 4971 2900 5048 φέρειν
2959 4969 3209 5044 ἄλληλα,
3265 4972 3302 5045 ἤ
3363 4975 3500 5030 εἷνθί
3549 4997 3610 5032 τι
3673 4977 3846 5052 μέσον

2182 5059 2402 5116 διιστῶν
2433 5059 2496 5115 τὸ
2553 5059 2754 5135 ἀγαθὸν
2805 5059 2898 5115 καὶ
2940 5062 3003 5118 τὸ
3047 5063 3313 5139 πονηρὸν,
3363 5063 3548 5141 ὥσπερ
3601 5087 3661 5122 τι
3716 5064 3844 5123 διὰ·

2181 5169 2410 5228 φραγμα
2450 5145 2688 5226 διεῖργον
2721 5149 2812 5204 ἀπ’
2843 5147 3112 5222 ἀλλήλων
3146 5153 3446 5231 ἀμφότερα⁸
3499 5155 3596 5210 καὶ
3659 5157 3846 5213 οὐκέτι

2181 5238 2376 5296 λοιπὸν
2411 5235 2535 5307 δύο,
2588 5235 2736 5294 ἀλλά
2784 5239 2930 5312 τρεὶς
2972 5241 3142 5316 ἁρχαὶ
3193 5238 3424 5298 ἔσονται·
3476 5245 3569 5299 καὶ
3628 5247 3844 5303 τούτων

2178 5329 2241 5384 τὸ
2270 5323 2453 5402 ἕτερον
2505 5326 2732 5404 ἀνάγκη,
2793 5328 2828 5398 ἢ
2889 5327 3180 5404 εἰρηνεύειν
3241 5331 3372 5409 ὅπερ
3423 5335 3490 5389 τὸ
3547 5339 3721 5392 κακὸν
3781 5337 3846 5392 οὐ

2181 5415 2421 5474 δύναται·
2481 5419 2544 5474 τὸ
2600 5419 2702 5495 γὰρ
2758 5417 3079 5495 εἰρηνεύειν,
3132 5420 3193 5478 οὐ
3251 5422 3435 5480 κακόν’
3468 5421 3507 5494 ἤ
3545 5424 3849 5503 μάχεσθαι,

2179 5507 2314 5585 ὅπερ
2343 5508 2406 5564 τὸ
2439 5505 2716 5594 εἰρηνεύον
2751 5506 2812 5563 οὐ
2846 5505 3086 5567 δυναταιο
3123 5511 3222 5586 μία
3248 5511 3433 5569 τοίνυν
3462 5515 3619 5592 ἁρχὴ
3665 5516 3849 5594 ἆγαθη

2181 5595 2359 5669 πάσης
2385 5594 2577 5660 κακίας
2611 5593 3037 5675 ἀπηλλαγμένη.

418 5685 632 5736 caetera
658 5685 820 5740 velut
873 5686 932 5742 in
964 5703 1104 5758 pace
1131 5688 1442 5756 custodiat,
1476 5705 1714 5747 necesse
1743 5692 1833 5746 est
1863 5704 1876 5744 :
1931 5688 2086 5761 quod
2117 5687 2352 5760 quidem
2399 5705 2433 5745 a
2463 5686 2618 5745 malo
2649 5687 2772 5745 fieri
2831 5690 3052 5762 nequit.
3103 5691 3247 5752 Nem
3307 5700 3510 5768 pacem
3545 5697 3850 5756 custodire
