4058 6212
236 386 379 449 1321

1567 382 1973 447 THESAURI
2019 385 2169 446 LIB.
2217 386 2319 447 IV.

3485 387 3640 449 1323

237 519 451 577 malum
484 536 600 575 non
629 523 738 576 est.
768 519 899 576 Jam
928 519 1082 592 quod
1116 518 1239 592 paci
1268 519 1666 575 custodiendae
1695 522 1899 592 aptum
1955 526 2063 590 est,
2113 521 2169 575 id
2232 538 2362 578 vero
2420 520 2636 578 bellum
2698 538 2925 580 movere
2982 537 3362 596 pugnareque
3420 523 3642 593 nequit.

235 612 352 675 Quo
385 610 472 675 ﬁt,
506 614 568 666 ut
598 608 952 682 principium
982 625 1161 666 unum
1195 608 1587 680 relinquatur,
1621 609 1677 664 id
1710 608 1954 677 bonum,
1985 618 2039 665 et
2068 610 2141 666 ab
2174 611 2332 667 omni
2369 611 2504 668 vitio
2533 611 2807 669 liberum.

300 696 367 756 Εἰ
407 694 464 753 δὶ
493 702 751 776 φήσουσι,
779 698 869 753 καὶ
900 697 1062 763 πόθεν
1093 697 1155 753 τὸ
1182 697 1347 753 κακὸν
1387 691 1483 776 ἔφυ
1514 717 1529 765 ;
1576 696 1867 771 ἀμήχανον

2059 698 2215 763 Quod
2251 700 2300 757 si
2335 702 2665 773 percontari
2694 702 2895 767 velint,
2920 704 3214 759 undenam
3240 702 3462 759 malum
3486 702 3642 759 oria-

235 787 334 864 γὰρ
363 787 425 842 ἐκ
450 792 549 843 τοῦ
597 787 805 865 ἀγαθοῦ
852 789 916 843 τὸ
966 789 1129 843 κακὸν
1182 785 1465 867 εἰληφέναι
1510 787 1608 854 τὴν
1657 785 1881 861 γένεσιν,

238 878 408 955 φαμὲν
439 878 526 933 ὅτι
552 877 617 931 τὸ
645 878 812 932 κακὸν
857 874 1011 933 οὐδὲν
1057 873 1241 952 ἕτερόν
1295 874 1437 932 ἐστιι
1469 878 1505 946 ἡ
1534 878 1629 931 τοῦ
1677 874 1883 952 ἀγαθοῦ

237 964 510 1037 στέρησις,
540 966 633 1020 καὶ
664 963 724 1020 ἐκ
752 968 849 1022 τοῦ
899 966 1033 1021 κατὰ
1084 966 1239 1043 φύσιν
1298 964 1376 1026 εἷς
1421 965 1485 1019 τὸ
1526 963 1673 1039 παρᾶ
1723 963 1880 1040 φύσιν

239 1056 583 1129 παρατροπή
657 1051 812 1110 οὐδὲν
870 1053 975 1130 γὰρ
1039 1054 1204 1109 κακὸν
1271 1054 1406 1108 κατὰ
1476 1052 1651 1132 φύσιν·
1712 1052 1882 1108 πάντα

240 1143 340 1219 γὰρ
382 1144 481 1199 ὅσα
518 1142 771 1214 ἐποίησεν
818 1143 847 1198 6
905 1146 1055 1212 Θεὸς,
1117 1142 1237 1198 λίαν
1296 1142 1399 1197 εἶσὶ
1454 1141 1617 1213 καλὰ,
1673 1144 1795 1206 καθ’
1851 1141 1880 1196 ὂ

234 1229 503 1307 γεγόνασι.
536 1231 784 1289 Μένοντα
815 1233 1001 1287 τοίνυν
1044 1232 1221 1295 καθὼς
1270 1225 1527 1304 ἔκτισται,
1577 1228 1720 1287 καλὰ
1760 1227 1882 1284 λίαν

233 1318 381 1373 είσίν·
445 1317 705 1383 ἑκουσίως
767 1316 824 1375 δὲ
873 1319 1217 1399 ἀποφυγόντα
1262 1318 1323 1375 ἐκ
1376 1324 1473 1375 τοῦ
1521 1319 1658 1374 κατὰ
1698 1317 1879 1397 φύσιν,

226 1409 316 1463 καὶ
347 1408 425 1471 εἷς
460 1410 524 1465 τὸ
552 1411 699 1484 παρὰ
729 1409 888 1489 φύσιν
922 1409 1174 1477 ἐλθόντα,
1204 1408 1260 1465 ἐν
1288 1414 1367 1482 τῷ
1406 1413 1556 1481 κακῷ
1610 1408 1877 1484 γίνονται.

234 1497 380 1556 Κατὰ
418 1496 575 1577 φύσιν
614 1499 706 1571 μὲν
762 1500 854 1554 οὗν
916 1499 1088 1554 πάντα
1155 1495 1327 1554 δοῦλα
1381 1498 1472 1553 καὶ
1533 1498 1747 1567 ὑπήκοα
1798 1501 1879 1568 τῷ

233 1584 576 1663 δημιουργῷ*
641 1587 767 1643 ὅταν
836 1584 893 1642 δὲ
963 1588 1223 1649 ἑκουσίως
1286 1609 1341 1642 τι
1404 1592 1511 1642 τῶν
1570 1586 1879 1659 κεισμάτων

230 1678 530 1753 ἀφηνιάσῃ,
560 1680 650 1734 καὶ
682 1682 966 1755 παρήκοον
996 1685 1094 1735 τοῦ
1143 1681 1478 1750 ποιήσαντος
1528 1677 1658 1733 αὐτὸ
1708 1677 1877 1752 γένη-

226 1787 335 1835 ται,
369 1768 421 1823 ἐν
466 1766 640 1841 ἑαυτῷ
699 1770 1014 1840 συνεςτησεν
1080 1770 1173 1839 τήν
1225 1766 1436 1822 κακίαν·
1487 1769 1524 1837 ἡ
1571 1767 1674 1842 γὰρ
1717 1766 1878 1821 κακία

227 1853 349 1912 οὔτε
379 1856 536 1912 οὐσία
562 1878 645 1920 τις
675 1857 845 1924 ἐστὶν,
877 1856 1006 1914 οὕτε
1038 1858 1224 1920 οὐσίας
1274 1853 1497 1931 ΐδίωμα,
1551 1854 1699 1911 ἀλλὰ
1736 1876 1873 1930 συμ-

228 1943 486 2019 ϐεϐηκός·
545 1946 719 2024 ἤγουν
778 1949 1028 2013 ἑκούσιός
1106 1970 1189 2011 τις
1265 1950 1588 2024 παρατροπὴ
1656 1946 1715 2003 ἐκ
1780 1944 1876 2002 τοῦ

223 2039 359 2093 κατὰ
388 2036 542 2114 φύσιν
572 2037 648 2100 εἷς
693 2041 757 2094 τὸ
805 2038 955 2113 παρά
1002 2040 1181 2115 φύσιν,
1229 2036 1360 2113 ὅπερ
1409 2036 1550 2093 ἐστὶν
1609 2039 1644 2105 ἡ
1697 2038 1873 2112 ἁμαρο

220 2127 329 2182 τία.
382 2127 447 2183 ῚῙ
497 2124 554 2182 δὲ
600 2126 840 2201 ἁμαρτία
898 2135 1001 2197 τῆς
1060 2126 1405 2201 αὐτεξουσίου
1460 2130 1558 2182 τοῦ
1611 2120 1875 2181 διτϐὅλου

228 2215 454 2289 γνώμης
509 2211 729 2291 εὕρεμα·
798 2215 964 2280 κακὸς
1017 2216 1107 2271 οὖν
1166 2217 1194 2270 6
1236 2210 1518 2285 διάϐολος,
1559 2215 1623 2269 οὐ
1679 2214 1796 2269 καθ’
1843 2212 1873 2267 6'

227 2301 467 2378 γέγονεν,
500 2301 736 2379 ἄγγελος
775 2303 881 2378 γὰρ
912 2305 1298 2381 φωτεινότερος
1349 2304 1441 2359 καὶ
1491 2301 1873 2377 λαμπρότερος

231 2391 331 2447 ὑπὸ
361 2395 458 2446 τοῦ
490 2396 846 2467 Δημιουργοῦ
876 2390 1137 2458 ἔκτισται,
1171 2392 1538 2462 αὐτεξούσιος,
1590 2393 1666 2454 ὡς
1714 2389 1872 2466 λογι-

220 2480 338 2543 κός·
400 2479 661 2542 ἑκουσίως
704 2478 763 2534 δὲ
807 2486 908 2549 τῆς
968 2481 1105 2535 κατά
1172 2480 1329 2556 φύσιν
1392 2479 1588 2553 ἀρετῆς
1652 2477 1875 2556 ἀπεφοί-

224 2589 379 2639 τησε,
409 2569 500 2623 καὶ
533 2568 585 2624 ὲν
615 2572 695 2641 τῷ
728 2568 878 2643 ζόφῳ
915 2575 1019 2637 τῆς
1060 2569 1250 2633 κακίας
1298 2566 1531 2643 ἐγένετο,
1583 2571 1716 2622 Θεοῦ
1768 2587 1873 2639 μα-

222 2658 464 2733 κρυνθεὶς
490 2662 587 2712 τοῦ
649 2659 818 2731 μόνου
868 2657 1069 2733 ἀγαθοῦ
1123 2656 1214 2712 καὶ
1264 2660 1557 2726 ζωοποιοῦ’
1606 2656 1654 2725 ἐξ
1707 2656 1874 2710 αὐτοῦ

225 2749 331 2821 γὰρ
360 2752 463 2801 πᾶν
523 2746 719 2823 ἀγαθὸν
772 2745 1110 2822 ἀγαθόνεται·
1170 2746 1261 2801 καὶ
1318 2746 1546 2802 καθόσον
1606 2745 1658 2816 ἐξ
1706 2745 1873 2800 αὐτοῦ

210 2834 535 2909 ἑμακρύνθη
565 2835 789 2912 γνώμῃ,
820 2833 882 2889 οὐ
914 2835 1019 2911 γὰρ
1051 2835 1228 2907 τόπῳ,
1278 2833 1332 2890 ἐν
1384 2838 1463 2907 τῷ
1509 2838 1664 2907 κακῷ
1714 2836 1873 2909 γέγο-

225 2944 332 2979 νεν.

1992 791 2088 842 tur
2116 788 2245 861 (nec
2274 790 2428 846 enim
2460 789 2584 846 ﬁeri
2644 790 2766 848 ullo
2814 793 2987 849 modo
3032 796 3243 865 potest,
3295 799 3356 847 ut
3412 809 3444 847 a
3484 792 3636 847 bono

1990 876 2209 933 malum
2235 878 2518 951 originem
2542 881 3050 952 traxerit),malum
3073 880 3218 937 nihil
3241 880 3421 949 aliud,
3455 894 3635 952 quam

1988 965 2124 1021 boni
2149 967 2533 1039 privationem
2556 986 2686 1027 esse
2715 971 2992 1037 dicimus,
3010 976 3186 1043 atque
3207 971 3349 1027 adeo
3384 970 3637 1026 eversio-

1987 1071 2121 1111 nem
2157 1057 2285 1126 ejus
2316 1058 2469 1130 quod
2529 1063 2618 1116 est
2664 1064 2880 1116 natura:
2921 1065 3402 1126 consentaneum,
3460 1060 3521 1115 in
3574 1058 3634 1114 id

1991 1145 2144 1216 quod
2178 1150 2268 1201 est
2319 1151 2543 1203 naturae
2592 1149 2997 1204 contrarium:
3049 1148 3340 1221 siquidem
3401 1148 3634 1204 nullum

1989 1234 2210 1289 malum
2246 1240 2465 1291 naturae
2500 1242 2978 1295 consentaneum.
3026 1237 3237 1294 Omnia
3283 1238 3437 1294 enim
3486 1254 3636 1309 qum-

1986 1336 2218 1393 cunque
2240 1322 2376 1380 fecit
2409 1326 2580 1397 Deus,
2609 1325 2776 1383 valde
2816 1327 2970 1382 bona
3026 1331 3184 1395 sunt,
3229 1327 3278 1383 si
3327 1326 3636 1383 ornationis

1987 1426 2191 1465 eorum
2257 1411 2546 1470 habeatur
2601 1415 2769 1474 ratio.
2825 1416 3078 1472 Proinde
3134 1415 3184 1471 si
3216 1414 3413 1487 qualia
3442 1420 3637 1473 creata

1986 1498 2288 1567 sunt,talia
2311 1509 2608 1569 maneant,
2638 1504 2802 1559 vzlde
2836 1503 2985 1560 bona
3043 1508 3226 1571 sunt;
3275 1510 3336 1559 at
3376 1503 3425 1560 si
3477 1504 3629 1561 ultro

1985 1588 2056 1641 ab
2087 1604 2153 1643 eo
2184 1592 2332 1659 quod
2367 1597 2456 1646 est
2487 1602 2707 1647 naturae
2740 1598 3224 1658 consentaneum,
3263 1594 3329 1649 ad
3384 1592 3443 1648 id
3500 1592 3637 1649 deii-

1983 1675 2325 1748 ciaut,quod
2359 1684 2581 1735 natura)
2616 1686 2924 1753 repugnat,
2961 1682 3089 1753 jam
3140 1682 3291 1737 malo
3325 1698 3633 1738 accensen-

1985 1769 2099 1822 tur.
2123 1766 2343 1824 Natura
2363 1768 2543 1841 igitur
2558 1771 2756 1826 omnia
2777 1787 2966 1827 rerum
3001 1770 3208 1843 Opiﬁci
3237 1771 3636 1843 subjiciuntur

1986 1860 2160 1927 atque
2192 1866 2414 1928 parent.
2447 1858 2589 1914 Cum
2622 1876 2755 1915 vero
2794 1865 3056 1916 creatura
3105 1860 3393 1933 quapiam
3445 1859 3635 1917 rebel-

1984 1946 2207 2020 laverit,
2242 1956 2301 2005 et
2330 1950 2588 2008 Creatori
2621 1969 2727 2008 suo
2760 1953 2956 2009 minus
2988 1954 3335 2026 morigerum
3368 1970 3431 2010 se
3484 1971 3636 2025 prae-

1984 2039 2216 2110 stiterit,
2249 2039 2360 2095 sibi
2393 2040 2601 2096 vitium
2663 2040 2813 2097 ultro
2852 2042 3175 2098 accersivit.
3226 2043 3371 2097 Nam
3427 2041 3635 2097 vitium

1987 2143 2173 2200 neque
2205 2130 2536 2186 substantia
2569 2145 2757 2201 neque
2788 2129 3130 2186 substantiae
3163 2131 3491 2202 proprietas
3517 2128 3638 2185 ulla

1983 2223 2094 2286 est,
2126 2218 2225 2274 sed
2260 2218 2551 2285 accidens,
2600 2234 2701 2274 seu
2755 2217 3028 2291 spontina
3074 2217 3340 2290 quaedam
3392 2216 3636 2274 deﬂexio

1983 2306 2055 2361 ab
2087 2322 2152 2362 eo
2183 2306 2339 2378 quod
2369 2314 2460 2363 est
2504 2317 2722 2364 naturae
2753 2316 3236 2376 consentaneum,
3270 2307 3341 2362 ad
3386 2306 3443 2362 id
3477 2306 3636 2378 quod

1983 2400 2207 2451 naturae
2258 2402 2591 2469 repugnat:
2655 2397 2810 2469 quod
2873 2397 3111 2469 quidem
3167 2402 3466 2467 peccotum
3526 2400 3637 2453 est.

1984 2482 2288 2540 Peccatum
2322 2491 2516 2541 autem
2552 2485 2749 2541 liberas
2795 2484 3014 2542 diaboli
3081 2483 3395 2541 voluntatis
3440 2484 3640 2540 inven-

1982 2577 2106 2627 tum
2141 2576 2251 2631 est.
2285 2574 2533 2630 Proinde
2568 2574 2840 2631 diabolus
2893 2573 3084 2631 malus
3144 2577 3253 2640 est,
3309 2590 3421 2629 non
3484 2573 3637 2644 quod

1982 2660 2117 2716 talis
2148 2667 2379 2719 creatus
2412 2663 2606 2730 fuerit,
2640 2663 2885 2734 angelus
2934 2662 3091 2720 enim
3146 2662 3550 2718 lucidissimus
3580 2665 3639 2718 et

1980 2749 2349 2807 clarissimus
2381 2769 2415 2808 a
2448 2769 2644 2808 rerum
2678 2751 2938 2809 omnium
2975 2751 3183 2824 opiﬁce
3234 2752 3345 2808 Deo
3403 2757 3636 2807 creatus

1981 2843 2071 2893 est
2101 2843 2271 2910 atque
2303 2840 2484 2897 libero
2517 2839 2757 2896 arbitrio
2816 2840 3123 2912 praeditus,
3156 2840 3294 2912 quia
3349 2839 3635 2896 nimirum

1983 2928 2228 2984 rationis
2260 2929 2549 3001 particeps
2596 2946 2611 2985 :
2652 2934 2857 3002 sponte
2911 2945 3046 2985 vero
3095 2945 3130 2984 a
3172 2928 3384 2984 virtute
3414 2933 3637 2984 natura

228 3023 620 3072 consentanea
649 3015 927 3072 descivit:
961 3019 1020 3071 et
1048 3016 1117 3071 ad
1142 3015 1263 3070 vitii
1295 3014 1604 3086 caliginem
1639 3016 1952 3088 transfugit
1986 3033 1999 3071 :
2034 3016 2235 3088 procul
2264 3034 2297 3074 a
2324 3018 2437 3075 Deo
2471 3024 2750 3087 remotus,
2783 3017 2884 3090 qui
2932 3018 3096 3075 solus
3139 3018 3328 3075 bonus
3364 3021 3420 3073 et
3451 3017 3638 3072 viviﬁ-

232 3122 339 3160 cus
369 3110 479 3161 est.
512 3106 594 3161 Ab
624 3107 752 3178 ipso
784 3105 939 3163 enim
970 3105 1261 3177 quidquid
1288 3105 1509 3160 bonum
1541 3110 1651 3170 est,
1683 3104 1739 3159 id
1772 3106 1917 3161 bene
1956 3111 2012 3161 et
2047 3107 2291 3178 benigne
2316 3109 2533 3164 factum
2566 3113 2692 3164 cst:
2727 3113 2785 3164 et
2815 3112 3110 3180 quatenus
3155 3106 3225 3163 ab
3278 3104 3378 3163 illo
3436 3105 3641 3178 procul

232 3194 555 3263 diverterit,
587 3194 884 3252 voluntate
915 3196 1071 3266 (nam
1104 3194 1230 3250 loco
1263 3210 1376 3249 non
1410 3193 1571 3265 item)
1603 3194 1674 3248 ad
1704 3193 1925 3249 malum
1962 3194 2190 3251 defecit.

301 3282 545 3344 Ματαιος
574 3280 756 3338 τοίνυν
796 3282 824 3337 6
874 3281 1088 3353 Μάνης,
1141 3281 1233 3337 καὶ
1286 3281 1510 3344 σκότους
1560 3280 1871 3358 φθεγγόμε-

2047 3282 2246 3340 Vanus
2278 3284 2477 3356 itaque
2506 3286 2705 3342 Manes
2733 3289 2842 3355 est,
2875 3289 2933 3341 et
2968 3284 3174 3354 futilis,
3206 3285 3310 3357 qui
3368 3283 3636 3342 tenebris

226 3392 323 3434 νος
354 3371 497 3446 ἄξια,
529 3373 613 3435 οἷς
661 3374 725 3429 τὸ
771 3374 963 3438 σκότος
1008 3374 1099 3429 καὶ
1149 3375 1250 3443 τὴν
1297 3371 1435 3443 ὕλην
1482 3370 1630 3427 αΐδια
1669 3369 1877 3442 δοξάζει

224 3462 320 3517 καὶ
383 3466 500 3535 Θεῷ
565 3462 938 3539 σκναγέννητα·
1025 3463 1217 3535 καίπερ
1304 3460 1514 3517 ἀκούων
1599 3461 1874 3523 Μωϋσέως

233 3550 514 3626 λέγοντος·
552 3553 639 3607 Ἐν
707 3552 855 3628 ἀρχῇ
896 3550 1148 3622 ἐποίησεν
1214 3553 1242 3607 ὁ
1307 3551 1437 3613 Θεὸς
1496 3552 1586 3606 τὸν
1647 3550 1874 3625 οὐρανὸν

225 3640 323 3695 καὶ
360 3641 460 3710 τήν
506 3647 631 3717 γῆν·
686 3642 776 3696 καὶ
828 3640 912 3696 ὅτι
970 3640 1021 3714 ἐξ
1063 3639 1161 3696 οὐκ
1216 3636 1382 3695 ὄντων
1443 3641 1509 3695 τά
1559 3637 1733 3694 πάντα
1785 3638 1877 3716 γέ-

225 3749 378 3804 γονε·
411 3730 501 3786 καὶ
545 3730 622 3793 ὡς
667 3730 783 3802 ’ἅμα
822 3731 886 3786 τὸ
937 3734 1052 3809 φῶς
1100 3731 1387 3805 παρήχθη,
1435 3729 1525 3784 καὶ
1572 3728 1635 3784 τὸ
1685 3727 1875 3783 σκότος

230 3818 588 3893 ὑπεχώρησε.
621 3819 727 3876 Καὶ
766 3819 869 3895 γὰρ
912 3821 940 3875 6
984 3818 1368 3898 Σωφρονίσκου
1421 3817 1737 3894 Σωκράτης,
1786 3816 1875 3871 καὶ

226 3908 260 3962 ὁ
306 3906 637 3982 Ἀρίστωνος
667 3907 921 3980 Πλάτων,
960 3909 1052 3964 καὶ
1090 3910 1142 3964 οἱ
1181 3905 1391 3964 τούτων
1450 3903 1728 3982 διάδοχοι,
1784 3904 1875 3960 καί

227 3994 414 4073 ἕτεροι
445 3997 717 4065 πλεῖστοι,
745 3995 913 4068 τῆσδε
942 4005 1043 4069 τῆς
1089 3995 1253 4068 δοξης
1298 3997 1640 4073 γεγένηνται,
1697 3998 1794 4050 τοῦ
1823 3994 1873 4067 ἐξ

233 4087 600 4159 ὑποκειμένης
656 4086 797 4158 ὅλης
852 4088 920 4142 τὰ
976 4086 1150 4142 πάντα
1235 4082 1733 4159 δημιουργηθῆναι,
1782 4080 1874 4135 καὶ

229 4175 485 4233 συναίδια
513 4177 649 4233 αὐτὰ
692 4182 790 4232 τοῦ
839 4179 972 4231 Θεοῦ
1014 4174 1286 4250 λέγοντες,
1332 4172 1506 4227 αἴτιον
1560 4174 1732 4240 αὐτῆς
1781 4170 1872 4224 τὸν

228 4267 364 4323 Θεὸν
395 4267 778 4340 ὀνομάζουσιν.
810 4264 888 4324 Οὐ
950 4264 1059 4338 μὴν
1116 4262 1286 4332 αὐτὴν
1337 4259 1518 4336 [ὓλην]
1566 4259 1656 4315 καὶ
1705 4260 1877 4329 κακὴν

226 4356 527 4430 ὁρίζονται.
589 4355 864 4433 Μεγίστην
917 4354 1021 4428 γὰρ
1080 4350 1432 4429 βλασφημίαν
1477 4350 1765 4423 νομίζουσι
1812 4349 1875 4404 τὸ

224 4445 392 4526 φάναι
424 4446 513 4501 τὸν
546 4446 675 4500 Θεὸν
717 4446 996 4500 εἶναιτῶν
1054 4446 1234 4498 κακῶν
1283 4441 1541 4511 ποιητήν.
1591 4439 1691 4495 Καὶ
1744 4437 1876 4492 ἐκεῖ·

224 4554 316 4589 νοι
353 4533 446 4607 μὲν
477 4528 694 4609 ἔχουσιν
730 4530 862 4594 ἴσως
893 4530 1015 4585 τινὰ
1064 4530 1415 4607 συγγνώμην,
1468 4528 1607 4601 μήτε
1656 4546 1876 4605 προφηο

1981 3370 2155 3443 digna
2211 3371 2600 3443 pro‘loquitur,
2658 3390 2793 3429 cum
2852 3374 3123 3429 tenebras
3199 3380 3256 3430 et
3328 3371 3640 3430 materiam

1985 3464 2219 3528 interna,
2260 3465 2314 3517 et
2352 3477 2464 3517 non
2510 3477 2677 3519 secus
2699 3468 2869 3533 atque
2904 3461 3109 3531 Deum,
3144 3479 3259 3518 non
3282 3463 3480 3535 genita
3509 3477 3640 3518 esse

1984 3550 2550 3621 autumat,quamvis
2583 3551 2781 3606 Mosen
2811 3550 2896 3607 ita
2938 3550 3226 3607 dicentem
3262 3549 3462 3607 audiat
3494 3568 3507 3605 :
3570 3551 3636 3605 In

1979 3640 2253 3710 principio
2281 3640 2486 3696 creavit
2517 3640 2582 3708 ⁸⁸,
2615 3640 2770 3711 quod
2822 3657 2891 3696 ex
2948 3639 3129 3695 nihilo
3178 3643 3389 3695 cuncta
3435 3641 3631 3693 creata

1983 3729 2302 3801 sunt,quod
2327 3729 2503 3785 etiam
2533 3729 2709 3785 simul
2732 3733 2906 3800 atque
2930 3726 3028 3782 lux
3072 3728 3352 3796 producta
3398 3729 3511 3793 est,
3540 3728 3630 3779 te-

1983 3820 2176 3874 nebrae
2220 3822 2608 3876 secesserunt.
2644 3818 2911 3874 Socrates
2958 3815 3113 3871 enim
3138 3812 3538 3885 Sophronisci,
3569 3816 3631 3869 et

1983 3906 2146 3963 Olato
2168 3907 2462 3963 Aristonis
2486 3905 2666 3973 ﬁlius,
2683 3919 3003 3974 eorumque
3028 3917 3420 3968 successores,
3453 3912 3631 3972 atque

1984 3996 2080 4052 alii
2113 3994 2529 4066 quamplurimi
2561 4011 2628 4050 ea
2660 3994 2717 4049 in
2749 3991 3044 4048 sententia
3079 3992 3335 4060 fuerunt,
3356 3990 3636 4047 utomnia

1983 4099 2052 4138 ex
2083 4082 2351 4152 subjecta
2381 4079 2625 4135 materia
2676 4083 2869 4136 creata
2924 4076 3106 4133 fuisse
3164 4078 3461 4134 dicerent:
3506 4093 3634 4150 quas

1983 4169 2215 4240 quidem
2247 4168 2363 4224 Deo
2385 4172 2672 4223 coaeterna
2693 4168 2974 4233 dicentes,
3008 4164 3119 4237 ipsi
3149 4171 3263 4221 Deo
3306 4183 3495 4224 causa)
3527 4182 3637 4224 no-

1986 4275 2116 4315 men
2151 4258 2497 4329 imponunt:
2533 4263 2863 4313 nontamen
2887 4257 3400 4327 materiamipsam
3425 4256 3484 4311 in
3518 4272 3637 4312 ma-

1983 4346 2056 4404 lis
2088 4363 2215 4403 eese
2247 4346 2572 4406 deﬁniunt;
2616 4346 2905 4418 siquidem
2947 4344 3324 4418 blaSphemize
3367 4346 3634 4401 maxima

1984 4437 2108 4493 loco
2137 4452 2267 4493 esse
2297 4436 2574 4501 dicunt,si
2603 4435 2735 4507 quis
2757 4435 2937 4491 Deum
2976 4434 3262 4490 malorum
3313 4440 3635 4492 creatorem

1984 4542 2113 4583 esse
2144 4526 2320 4582 dicat.
2356 4530 2541 4595 Atque
2598 4523 2681 4579 illi
2728 4524 2968 4595 quidem
3028 4522 3226 4594 aliqua
3275 4523 3421 4579 forte
3468 4522 3637 4579 venia

224 4626 401 4677 τινῶν
433 4620 823 4683 ἐπακούσαντες
881 4618 1084 4697 λόγων,
1145 4621 1285 4692 μήτε
1343 4616 1471 4679 τοὺς
1517 4616 1695 4679 θείους
1739 4615 1875 4670 ἀπο-

1987 4616 2149 4688 digni
2180 4619 2342 4683 sunt,
2374 4616 2472 4686 qui
2508 4628 2692 4683 neque
2727 4612 3097 4685 prepbeticos
3128 4627 3433 4669 sermones
3460 4611 3634 4667 audi-

224 4710 467 4775 στόλους
521 4709 805 4788 ποδηγοὺς
850 4708 1147 4785 ἐσχηκότες
1197 4707 1379 4781 μόνοις
1432 4703 1490 4761 δὲ
1544 4711 1666 4768 τοῖς
1719 4703 1879 4782 λογι-

232 4806 400 4875 σμοῖς
430 4802 533 4871 τήν
561 4806 668 4857 τῶν
702 4797 873 4856 ὄντων
920 4797 1295 4873 ἐπιτρέψοντες
1339 4800 1556 4872 γνῶσιν,
1605 4794 1770 4855 Οὗτοι
1820 4791 1878 4849 δὲ

235 4890 406 4954 ποίας
438 4891 499 4946 ἄν
526 4891 730 4947 τίσειαν
763 4886 913 4951 δίκας
960 4895 1062 4957 τῆς
1108 4882 1352 4949 ἀσεϐείας
1399 4885 1574 4956 ἀξίας,
1622 4889 1730 4940 τῶν
1784 4884 1878 4958 μὲν

229 4979 395 5044 θείων
451 4978 875 5041 ἀπολαύσαντες.
953 4974 1323 5053 Εὖαγγελίων,
1396 4975 1460 5030 τὸ
1536 4969 1596 5029 ϐὲ
1666 4973 1875 5028 τούτων

229 5067 639 5143 ἀποδράσαντες
673 5066 810 5149 φῶς,
841 5069 928 5123 καὶ
980 5068 1042 5123 τὸ
1098 5066 1287 5129 σκότος
1337 5066 1705 5139 ἀσπασάμενοι
1762 5069 1879 5128 ταῖς

215 5158 499 5234 νυκτερίσι
557 5157 1005 5235 παραπλησίως;
1061 5153 1292 5227 Ἐπειδὴ
1355 5154 1457 5231 γὰρ
1512 5160 1658 5209 πᾶσα
1705 5155 1874 5229 τέχνη

224 5248 380 5314 παρὰ
478 5249 784 5323 ἀνθρώποις
859 5245 1000 5316 ὕλης
1080 5245 1444 5335 ὑποκειμένης
1537 5240 1876 5318 προσδεῖται,

226 5332 509 5393 ὑπέλαϐον
542 5338 595 5393 οἱ
626 5338 849 5406 ἀνόητοι
878 5337 966 5391 καὶ
997 5336 1090 5391 τὸν
1119 5334 1247 5390 Θεὸν
1282 5328 1386 5407 ’μή
1434 5331 1690 5388 δύνασθαι
1740 5328 1879 5402 ὕλης

228 5424 368 5502 δίχα
424 5423 804 5503 δημιουργεῖν·
861 5424 952 5481 καὶ
1011 5425 1073 5479 οὐ
1127 5420 1366 5479 συνεῖδον
1419 5423 1542 5477 ὅσον
1589 5420 1876 5496 ἀνθρώπου

222 5513 321 5572 καὶ
353 5519 493 5571 Θεοῦ
518 5515 583 5572 τὸ
613 5514 894 5592 διάφορον·
928 5514 1018 5571 καὶ
1049 5513 1123 5576 ὡς
1155 5512 1265 5587 οὐχ
1293 5512 1408 5567 οἶόν
1440 5531 1498 5567 τε
1545 5512 1643 5581 τήν
1694 5508 1875 5564 εἰκόνα

292 5672 344 5708 δδ
373 5673 515 5730 Gen.
552 5690 590 5741 ι,
624 5673 676 5728 1.

547 5792 805 5854 ΡΑτιιοι..
854 5789 962 5851 Gn.
1009 5787 1324 5854 CXXXIX.

1991 4705 2200 4774 verint,
2249 4719 2437 4775 neque
2492 4708 2728 4759 sanctos
2785 4701 3083 4775 apostolos
3139 4700 3242 4758 vite
3300 4702 3479 4758 duces
3528 4700 3637 4757 ba-

1988 4793 2244 4860 buerint,
2276 4794 2376 4850 sed
2408 4791 2548 4848 solis
2589 4790 2943 4862 conjecturis
2997 4806 3190 4847 rerum
3241 4790 3637 4864 cognitionem

1989 4881 2286 4939 consecuti
2318 4879 2456 4937 sint.
2490 4880 2557 4935 Hi
2590 4896 2725 4937 vero
2773 4879 2996 4953 quales,
3057 4894 3277 4952 quaeso,
3339 4892 3639 4950 quamque

1988 4989 2093 5030 sua
2121 4971 2419 5043 impietate
2436 4969 2642 5042 dignas
2663 4986 2862 5042 pmnas
2892 4968 3077 5035 luent,
3108 4969 3211 5041 qui
3244 4984 3377 5023 cum
3412 4966 3637 5022 sanctis

1988 5063 2318 5119 fruerentur
2346 5057 2691 5131 Evangeliis,
2725 5059 2796 5113 ab
2836 5073 3039 5114 eorum
3087 5056 3307 5113 lumine
3354 5055 3425 5110 ad
3473 5060 3637 5110 tene-

1987 5152 2144 5217 bras,
2179 5165 2338 5207 more
2371 5154 2717 5204 noctuarum
2760 5147 3218 5217 transfugerunt.
3271 5144 3417 5210 Quia
3472 5143 3630 5200 enim

1986 5241 2222 5297 cuilibet
2254 5240 2363 5295 arti
2411 5237 2566 5293 inter
2618 5236 2886 5291 homines
2934 5235 3177 5290 materia
3225 5233 3485 5304 subjecta
3534 5236 3627 5289 est

1985 5347 2155 5403 opus,
2186 5328 2470 5400 suspicati
2513 5332 2650 5381 sunt
2695 5324 2967 5380 vecordes
3009 5322 3116 5391 illi,
3151 5338 3220 5378 ne
3273 5321 3458 5378 Deum
3489 5320 3628 5395 qui-

1985 5419 2116 5473 dem
2143 5418 2465 5489 quidquam
2498 5415 2624 5471 sine
2675 5413 2916 5469 materia
2964 5427 3155 5468 creare
3201 5411 3496 5485 potuisse:
3530 5426 3636 5467 nec

1985 5505 2419 5574 intellexerunt,
2458 5508 2743 5579 quantum
2777 5502 2930 5559 inter
2962 5518 3025 5558 se
3045 5501 3197 5560 Deus
3222 5506 3279 5559 et
3308 5500 3479 5559 homo
3510 5499 3631 5556 dif-

3236 5778 3313 5841 62
