4090 6192
453 399 611 462 1323

1771 390 2090 457 ΝῙΟΕΤᾸΞ
2135 383 2578 449 CHONIATIK.

3716 393 3870 454 1324

449 524 660 604 ferant,
692 530 932 603 fierique
987 545 1104 587 non
1165 546 1356 603 posse,
1416 534 1481 587 ut
1532 530 1724 603 imago
1774 527 1876 585 illa
1903 523 2093 584 omnia

2215 519 2387 573 πάντα
2417 515 2589 592 ἔχειν,
2649 518 2749 573 ὅσα
2801 518 2865 574 τὸ
2913 519 3241 596 ἀρχέτυπον*
3293 522 3387 576 καὶ
3437 521 3522 577 δτι
3575 521 3879 594 ἄνθρωπος

452 619 1086 695 consequatur,quibus
1117 619 1498 693 archetypum
1548 620 1917 678 nobilitatum
1967 619 2054 672 est
2087 631 2100 670 :

454 713 751 771 hominem
789 719 1074 782 preterea,
1128 713 1410 783 tanquam
1463 709 1804 783 imaginem,
1849 707 1898 763 si
1961 705 2102 778 quid

457 806 632 872 creet,
663 799 718 855 id
749 815 819 856 ex
847 799 920 856 iis
952 815 1166 867 creare,
1200 817 1326 871 qum
1358 800 1414 856 in
1450 815 1644 856 rerum
1679 803 1888 854 natura
1919 799 2101 864 sunt;

458 891 640 947 Deum
671 905 805 946 vero
861 893 919 945 et.
971 905 1041 944 ex
1089 889 1162 944 iis
1210 906 1342 960 quae
1403 893 1562 958 sunt,
1591 892 1647 944 et
1700 888 1771 944 iis
1811 903 1938 958 quas
1985 899 2101 939 non

459 983 600 1035 sunt
632 999 646 1048 ;
679 979 736 1035 id
770 979 924 1050 quod
979 981 1174 1050 aperte
1229 994 1395 1035 sacra
1453 983 1699 1034 testatur
1753 975 2100 1047 Scriptura:

455 1069 769 1142 Apostolus
799 1068 954 1126 enim
986 1069 1068 1125 ait
1100 1085 1112 1124 :
1146 1070 1277 1125 Fide
1309 1069 1677 1138 intelligimus
1707 1071 1906 1140 aptata
1933 1066 2105 1136 fuisse

453 1161 654 1216 sarcula
689 1159 854 1217 Verbo
887 1159 1010 1226 Dei,
1060 1164 1122 1213 ut
1169 1175 1238 1214 ex
1285 1157 1666 1214 inuisibilibus
1714 1156 1961 1212 visibilia
2009 1153 2102 1209 lie-

455 1249 780 1317 rent“.Qui
811 1257 957 1304 vocat
984 1264 1046 1304 ea
1075 1263 1202 1320 quia
1231 1263 1336 1304 non
1371 1251 1520 1316 sunt,
1578 1254 1842 1318 tanquam
1877 1260 1941 1300 ea
1981 1257 2104 1314 quae

451 1342 584 1394 sunt
611 1336 679 1372 57'
714 1337 900 1395 Moses
933 1353 1126 1409 porro,
1186 1337 1283 1409 qui
1343 1337 1413 1392 de
1483 1336 1686 1391 mundi
1729 1332 2103 1406 generatione

453 1429 1143 1504 conscripsithistoriam,
1177 1429 1376 1486 docuit
1431 1445 1699 1501 quaenam
1741 1443 1809 1482 ex
1857 1425 1929 1482 iis
1975 1440 2102 1496 qua:

454 1539 570 1578 non
607 1524 1066 1592 erant,quaenam
1099 1519 1273 1574 etiam
1305 1535 1374 1573 ex
1407 1517 1476 1572 iis
1520 1533 1651 1588 quae
1681 1519 1846 1572 erant
1867 1512 2098 1570 creavit.

454 1611 541 1666 Ait
570 1608 743 1678 enim,
774 1609 840 1662 In
869 1608 1150 1679 principio
1202 1606 1412 1662 creavit
1460 1607 1599 1662 Deus
1655 1605 1852 1662 calum
1908 1610 1962 1659 et
1990 1606 2102 1658 ter-

454 1715 596 1754 ram.
635 1699 846 1753 Lumen
905 1697 1106 1752 itidem
1160 1711 1228 1751 ex
1285 1695 1356 1751 iis
1398 1711 1520 1765 quae
1555 1712 1668 1752 non
1699 1699 1867 1750 erant
1896 1691 2103 1748 condio

455 1788 563 1844 dit.
597 1787 747 1841 Dixit
777 1784 931 1842 enim
965 1785 1116 1841 Deus
1146 1784 1306 1840 :Fiat
1355 1785 1476 1850 lux,
1530 1791 1584 1840 et
1641 1785 1786 1854 facta
1844 1789 1922 1838 est
1979 1782 2099 1836 lux.

455 1876 914 1932 Firmamentum
957 1879 1151 1929 autem
1184 1889 1251 1928 ex
1286 1873 1358 1929 iis
1389 1889 1515 1945 quas
1541 1873 1666 1944 jam
1717 1875 1906 1927 creata
1936 1873 2102 1925 erant
2133 1897 2179 1962 Β

453 1965 746 2038 produxit.
778 1963 908 2020 Fiat
941 1962 1121 2030 enim,
1157 1962 1369 2034 inquit,
1401 1963 1813 2033 ﬁrmamentum
1844 1958 1903 2016 in
1925 1957 2100 2015 medio

450 2071 604 2125 aquae
633 2056 683 2109 et
707 2051 924 2108 dividat
953 2068 1156 2123 aquam
1185 2052 1252 2108 ab
1283 2067 1447 2124 aqua.
1492 2051 1730 2106 Semina
1779 2048 2024 2121 insuper
2047 2050 2104 2104 et

452 2141 683 2215 plantas
715 2145 869 2196 terra
895 2156 1190 2212 emergere
1226 2140 1433 2212 jussit,
1484 2138 1984 2211 quemadmodum
2034 2152 2104 2192 ex

451 2229 626 2286 variis
658 2244 892 2300 quoque
920 2227 1315 2284 animantium
1357 2227 1669 2300 generibus
1721 2242 1788 2282 ea
1831 2241 1900 2280 ex
1932 2223 2103 2296 aquis

451 2325 778 2390 versantur,
812 2334 1060 2392 quisque
1100 2318 1242 2374 adeo
1293 2309 1548 2392 ἀμφίϐια,
1581 2315 1690 2371 hoc
1733 2319 1822 2370 est
1853 2329 2010 2369 nunc
2042 2312 2100 2368 in

454 2397 644 2480 aquis,
676 2407 922 2464 nuncin
955 2413 1110 2464 terra
1163 2407 1432 2479 degentia
1489 2405 1787 2471 dicuntur,
1838 2419 1907 2458 ex
1952 2413 2104 2458 terra

454 2501 648 2552 autem
683 2496 1091 2569 quadrupedes
1149 2500 1206 2552 et
1239 2494 1488 2567 reptilia.
1545 2495 1618 2549 At
1681 2491 1979 2548 hominem
2034 2507 2103 2547 ex

452 2585 525 2643 iis
557 2602 684 2658 qua:
719 2601 833 2642 non
866 2589 1034 2642 erant
1073 2587 1129 2640 et
1184 2601 1252 2640 cx
1307 2583 1382 2640 iis
1436 2599 1564 2654 quas
1617 2589 1780 2637 erant
1835 2577 2100 2638 creavit:

453 2691 694 2748 corpore
734 2675 971 2747 quidem
1030 2689 1097 2729 ex
1145 2672 1285 2728 limo
1335 2677 1505 2727 terrae
1555 2669 1863 2741 plasmato,
1909 2667 2106 2724 anima

453 2769 650 2821 autem
683 2781 748 2820 ex
794 2763 976 2821 nihilo
1032 2762 1256 2818 eﬂ‘ecta.
1318 2760 1434 2817 Nec
1483 2760 1660 2829 enim,
1695 2758 1847 2831 quod
1922 2757 2106 2829 impia

449 2854 761 2911 Marcionis
790 2853 983 2926 opinio
1016 2853 1245 2920 astruit,
1277 2848 1474 2906 anima
1495 2849 1752 2920 ejusdem
1783 2862 1916 2904 cum
1941 2848 2105 2902 Crea-

449 2947 578 2999 tore
605 2943 950 2999 substantiae
984 2946 1094 3008 est,
1127 2941 1225 2997 sed
1263 2957 1332 2996 ex
1363 2937 1545 2994 nihilo
1573 2941 1787 2995 creata.

521 3031 683 3094 Quod
716 3032 958 3104 insuper
989 3030 1170 3086 Vetus
1219 3029 1655 3084 Testamentum
1716 3023 2104 3099 blasphemiis

447 3118 574 3175 suis
607 3117 870 3188 incessit,
904 3135 1126 3176 necnon
1159 3134 1292 3173 eum
1346 3117 1445 3190 qui
1496 3118 1726 3172 locutus
1768 3120 1858 3171 est
1887 3115 1945 3170 in
1979 3112 2100 3182 illo,

447 3209 734 3280 antiquat,
767 3215 941 3279 atque
965 3207 1141 3263 etiam
1175 3205 1306 3274 soli,
1349 3205 1502 3261 lunas
1552 3211 1610 3261 et
1666 3204 1841 3260 astris
1875 3205 2097 3260 cultum

447 3297 710 3352 divinum
735 3295 986 3364 exhibet,
1031 3295 1356 3366 herbasque
1404 3299 1461 3349 et
1508 3293 1743 3349 arbores
1794 3292 2098 3348 frondibus

450 3383 564 3439 alte
593 3391 912 3450 comantes,
947 3399 1171 3438 necnon
1233 3399 1418 3454 aquas
1475 3397 1759 3453 perennes
1808 3381 2096 3437 animatas

451 3486 578 3527 ese
604 3468 926 3534 contendit,
979 3468 1210 3540 aliaque
1267 3468 1608 3538 hujusmodi
1657 3468 1916 3523 absurda
1973 3485 2099 3540 pro-

453 3558 636 3631 ponit,
670 3557 806 3613 inde
835 3557 1081 3624 indicat,
1139 3573 1315 3626 quam
1375 3571 1508 3611 vere
1566 3553 1672 3608 ἀπὸ
1725 3561 1826 3623 τῆς
1880 3554 2094 3627 μανίας,

455 3665 558 3704 seu
591 3647 663 3702 ab
708 3645 958 3719 insania,
1010 3645 1436 3713 denominetur,
1488 3661 1556 3700 cx
1612 3661 1726 3714 qua
1773 3661 2093 3717 cognomen

451 3752 685 3808 quoque
707 3735 909 3792 merito
940 3735 1216 3808 adeptum
1249 3750 1378 3790 esse
1403 3739 1563 3807 puto.
1589 3732 1662 3788 Ut
1687 3739 1908 3788 taceam
1938 3735 2092 3805 quod

450 3825 812 3896 sexagesimo
849 3825 1048 3898 legum
1088 3824 1234 3880 libro
1291 3829 1546 3890 cavetur,
1616 3838 1688 3879 ne
1727 3825 1858 3894 quis
1913 3823 2098 3880 Mani-

446 3915 624 3972 cbasis
647 3931 713 3970 ex
730 3919 1103 3980 testamento,
1129 3923 1226 3971 aut
1265 3915 1338 3970 ab
1364 3915 1640 3970 intestato
1667 3914 1958 3984 succedat,
1992 3914 2093 3970 scd

444 4005 599 4061 bona
629 4021 830 4061 eorum
863 4005 1065 4062 aerario
1129 4004 1361 4078 publico
1421 4003 1766 4060 inferantur.
1812 4007 2094 4059 Caeterum

440 4095 649 4152 iterato
681 4095 1072 4168 baptizantur,
1102 4095 1150 4152 si
1201 4095 1302 4169 qui
1353 4111 1421 4150 ex
1460 4094 1579 4150 illis
1623 4095 1694 4150 ad
1737 4093 2091 4166 inculpatum

438 4190 698 4240 nostram
733 4185 907 4242 fidem
941 4201 1004 4241 se
1035 4185 1336 4256 recipiant.
1380 4184 1587 4240 Eorum
1649 4183 1802 4239 enim
1857 4182 2093 4240 haeresis

432 4275 751 4332 etiamnum
779 4279 1104 4348 grassatur,
1139 4275 1643 4346 Cubricorumque
1706 4273 1811 4330 vici
1862 4277 1918 4330 et
1948 4289 2089 4345 prta-

429 4363 584 4421 diola
623 4365 779 4421 circa
809 4363 1251 4438 Apolloniadem
1283 4364 1400 4421 sita
1431 4368 1598 4420 sunt.

1030 4528 1186 4584 CAP.
1234 4525 1488 4583 XXXIV.

429 4668 722 4724 Triceszma
735 4671 935 4741 quarta
951 4668 1192 4738 luet-esis,
1204 4670 1713 4728 HieracilarumJll
1728 4673 2070 4742 unguuntur.

495 4797 742 4865 Quidam
776 4798 1046 4856 Hieracas
1072 4800 1308 4856 nomine
1343 4800 1400 4856 in
1424 4805 1680 4858 Leonum
1729 4803 1956 4876 Egypti
1990 4802 2072 4860 ci-

420 4887 593 4944 vitate
625 4887 806 4946 fuisse
837 4889 1042 4956 fertur,
1077 4890 1175 4963 qui
1212 4905 1327 4944 non
1366 4895 1594 4946 tantum
1645 4891 2070 4963 Egyptiorum,

418 4979 517 5035 scd
557 4978 890 5034 Graecorum
923 4977 1183 5051 linguam
1218 4975 1488 5043 callebat,
1519 4979 1798 5050 omnique
1837 4980 2070 5038 dicendi

417 5084 627 5140 genere
650 5069 1026 5134 exercitatus,
1061 5067 1314 5140 atquein
1347 5072 1471 5124 arte
1497 5067 2068 5141 medicosophistica,

415 5159 830 5228 astronomica,
862 5157 1128 5214 fortassis
1161 5155 1337 5214 etiam
1391 5157 1638 5230 magica,
1671 5173 1782 5213 non
1845 5161 2068 5217 medio-

414 5247 588 5302 criter
617 5251 900 5304 versatus.
956 5246 1062 5304 Ilic
1109 5263 1242 5304 cum
1294 5261 1482 5301 annos
1517 5247 1587 5301 ad
1650 5245 1845 5318 plures
1896 5265 2072 5305 nona-

413 5337 576 5407 εἷκε.
606 5338 785 5394 vitam
819 5337 1222 5410 protraxisset,
1270 5335 1514 5410 pulchre
1563 5340 1618 5392 et
1670 5335 1966 5410 eleganter
1994 5341 2065 5396 ad

413 5439 754 5494 supremum
788 5443 975 5498 usque
992 5426 1121 5482 vita:
1155 5427 1330 5493 diem,
1366 5426 1517 5482 citra
1539 5424 1722 5482 ullam
1763 5426 2066 5487 oculorum

413 5509 791 5570 offensionem
825 5515 1078 5573 scribere
1119 5515 1386 5586 perrexit,
1445 5515 1590 5574 adeo
1635 5514 1967 5587 continens,
1999 5522 2066 5575 ut

491 5679 538 5716 ⁵⁸
565 5679 707 5738 Heb.
737 5698 797 5748 ιι,
830 5685 880 5737 3.
959 5685 1005 5720 ⁵⁷
1035 5685 1200 5744 Rom.
1235 5704 1308 5756 ιν,
1344 5689 1428 5746 t7.

2217 609 2312 683 μὲν
2342 609 2416 671 ὡς
2449 609 2608 666 εἷκὼν
2639 607 2700 664 ἐκ
2727 613 2829 664 νῶν
2872 608 3044 666 ὄντων
3093 607 3444 688 δημιουργεῖ,
3495 615 3630 676 Θεὸς
3677 611 3738 669 δὲ
3785 616 3880 669 καί

2213 696 2263 767 ἐξ
2297 697 2464 752 ὄντων
2494 699 2584 752 καὶ
2617 699 2696 770 μή
2728 693 2919 753 ὄντων·
2950 697 3233 754 καὶτοῦτο
3278 705 3462 779 σαφῶς
3509 705 3664 774 ἡμᾶς
3713 698 3880 757 διδά-

2213 785 2294 856 ξεὶ
2331 788 2367 854 ἡ
2419 785 2532 850 θεία
2592 787 2804 862 Γραφή·
2870 787 2899 842 ὁ
2969 787 3064 860 μὲν
3120 787 3224 862 γὰρ
3294 788 3642 852 Ἀπόστολος
3712 789 3874 868 φησί’

2214 876 2400 931 Πίστει
2475 879 2705 948 νοοῦμεν
2781 877 3142 951 κατηρτίσθαι
3200 877 3349 950 [τοὺς
3442 878 3670 952 αἰῶνας]
3769 878 3874 948 ῥήο

2216 984 2344 1037 ματι
2376 966 2510 1018 Θεοῦ
2551 963 2626 1026 εἷς
2681 965 2744 1019 τὸ
2809 965 2886 1036 μὴ
2954 962 3358 1038 ἐκφαινομένων
3421 968 3488 1022 τὰ
3545 967 3872 1041 βλεπόμενα

2210 1053 2508 1130 γεγονέναι’
2567 1053 2658 1108 καί
2716 1052 2900 1109 πάλιν·
2955 1056 3026 1112 ’Ὀ
3083 1053 3270 1110 καλῶν
3335 1056 3403 1111 τὰ
3459 1058 3538 1129 μή
3597 1052 3732 1112 ὄντα
3789 1058 3874 1120 ὡς

2211 1139 2362 1197 ὄντα.
2407 1143 2468 1198 Ὀ
2518 1138 2573 1196 δὲ
2617 1143 2716 1211 τήν
2765 1141 3156 1218 κοσμογένειαν
3204 1142 3414 1219 γράψας
3459 1151 3705 1214 Muniis-7,;
3761 1143 3877 1200 ἐδί-

2212 1230 2334 1302 δαξε
2363 1231 2481 1287 τίνα
2516 1231 2611 1304 μὲν
2641 1229 2701 1287 ἐκ
2735 1233 2810 1305 μή
2845 1227 3038 1304 ὅντων,
3067 1232 3188 1290 τίνα
3246 1231 3304 1288 δὲ
3351 1232 3404 1304 ἐξ
3435 1233 3608 1289 ὅντων
3669 1235 3870 1306 ἐποίη-

2213 1345 2298 1380 σεν
2332 1324 2408 1387 ὡς
2432 1321 2792 1399 δημιουργός·
2824 1323 2914 1376 καὶ
2941 1323 3026 1377 ὃτι
3059 1323 3146 1377 τὸν
3195 1324 3292 1396 μὲν
3344 1322 3576 1399 οὐρανὸν
3621 1324 3717 1379 καὶ
3761 1325 3866 1394 τήν

2208 1419 2311 1492 γῆν
2344 1415 2433 1470 καὶ
2463 1415 2532 1469 τὰ
2586 1410 2731 1469 ἄλλα
2781 1417 3033 1490 στοιχεῖα
3081 1411 3142 1466 ἑκ
3194 1413 3271 1484 μὴ
3315 1407 3486 1468 ὄντων
3539 1413 3868 1482 πεποίηκεν.

2211 1509 2298 1562 Ἐν
2360 1507 2510 1584 ἀρχῇ
2557 1505 2683 1581 γὰρ,
2745 1503 2932 1579 φησὶν,
2987 1502 3242 1574 ἐποίησεν
3290 1504 3320 1558 ὁ
3359 1505 3492 1569 Θεός
3546 1505 3640 1560 τὸν
3691 1504 3874 1578 οὐρα-

2211 1596 2301 1650 νὸν
2355 1597 2446 1650 καὶ
2501 1595 2602 1664 τὴν
2643 1601 2770 1668 γῆνο
2820 1593 2911 1648 καὶ
2965 1593 3028 1648 τὸ
3080 1597 3196 1671 φῶς
3249 1590 3308 1648 δὲ
3356 1593 3618 1656 ὡσαύτως
3667 1594 3729 1648 ἐκ
3785 1594 3871 1667 μή

2211 1683 2380 1739 ὅντων
2411 1680 2861 1758 ἐδημιούρτησεν·
2918 1682 3051 1736 Eine
3102 1681 3226 1754 γὰρ,
3277 1683 3442 1760 φησὶν
3485 1683 3511 1736 ὁ
3564 1683 3714 1743 Θεός⁴
3771 1688 3873 1737 Γε-

2210 1775 2434 1844 νηθήτω
2461 1777 2596 1851 φῶς,
2627 1772 2718 1826 καὶ
2770 1771 2981 1846 ἐγένετο
3040 1775 3174 1849 φῶς.
3235 1773 3312 1830 Τὸ
3369 1767 3428 1826 δὲ
3481 1771 3762 1846 στερέωμα
3803 1770 3872 1828 ἐκ

2211 1867 2319 1918 τῶν
2377 1860 2486 1932 ἤδη
2541 1859 2913 1938 γεγενημένων
2965 1862 3302 1936 παρήγαγεν·
3370 1864 3660 1932 Γενηθήτω
3731 1863 3870 1938 γὰρ,

2209 1953 2364 2032 φησὶ,
2432 1949 2712 2028 στερέωμα
2775 1949 2828 2005 ἐν
2901 1950 3048 2024 μέσῳ
3110 1955 3210 2005 τοῦ
3277 1948 3496 2019 ὕδατος,
3563 1952 3658 2006 καὶ
3725 1944 3874 2006 ἔστω

2211 2040 2548 2118 διαχωρίζον
2598 2039 2698 2095 ἀνᾶ
2751 2041 2916 2114 μέσον
2968 2037 3163 2101 ὕδατος
3219 2039 3311 2094 καὶ
3363 2039 3586 2102 ὕδατος.
3647 2041 3754 2098 Καὶ
3808 2042 3878 2096 τὰ

2210 2134 2492 2207 σπέρματα
2523 2128 2581 2186 δὲ
2622 2130 2713 2186 καὶ
2765 2132 2833 2185 τα
2879 2129 3019 2209 φυτὰ
3066 2127 3128 2184 ἐκ
3175 2136 3280 2206 γῆς
3331 2129 3646 2204 βλαστῆσαι
3694 2149 3876 2204 προσ-

2210 2219 2408 2294 έταξενο
2443 2219 2625 2295 ὣσπερ
2656 2220 2747 2274 καὶ
2793 2224 2901 2274 τῶν
2948 2217 3169 2294 ἀλόγων
3223 2219 3378 2288 ζώων
3418 2219 3486 2274 τὰ
3540 2219 3674 2294 γένη
3729 2240 3875 2296 παρ-

2213 2312 2435 2387 ήγαγεν·
2465 2308 2525 2365 ἐκ
2559 2310 2654 2382 μὲν
2685 2313 2794 2364 ¹τῶν
2848 2305 3057 2363 ὑδάτων
3099 2309 3168 2363 τὰ
3215 2308 3512 2383 ἆεροπόρα,
3552 2310 3648 2364 καὶ
3699 2311 3772 2365 τᾶ
3821 2308 3874 2364 ἒν

2210 2406 2326 2462 τοῖς
2357 2397 2512 2454 ὕδασι
2557 2396 3007 2474 διαπορευόμενα,
3056 2397 3146 2453 καὶ
3187 2399 3255 2452 τὰ
3300 2393 3543 2472 ἀμφίϐια
3587 2419 3875 2475 προσαγο·

2213 2491 2494 2567 ρευόμεια·
2529 2488 2588 2544 tv.
2632 2486 2690 2543 δὲ
2744 2493 2843 2557 τῆς
2873 2493 2979 2562 γῆς
3034 2486 3100 2541 τὰ
3153 2485 3456 2561 τετράποδα
3503 2489 3600 2544 καὶ
3655 2489 3728 2543 τὶ
3784 2489 3882 2562 ἱρ-

2210 2580 2368 2636 πετά.
2429 2579 2538 2636 Τὸν
2597 2573 2655 2632 δὲ
2697 2576 2977 2650 ἃνθρωπον
3035 2576 3085 2648 ἐξ
3145 2576 3246 2631 όῦκ
3303 2575 3474 2632 ὄντων
3537 2579 3632 2632 καὶ
3699 2576 3882 2634 ἔντων

2213 2668 2457 2738 ἐποίησε·
2517 2667 2580 2722 τὸ
2642 2666 2736 2739 μὲν
2794 2669 2955 2738 σῶμα
3012 2661 3269 2720 ὃιέπλασε
3326 2670 3461 2741 χοῦν
3523 2662 3717 2722 λαϐὼν
3771 2667 3880 2722 ἀπὸ

2207 2765 2308 2828 τῆς
2337 2759 2460 2833 γῆς·
2493 2757 2592 2826 τήν
2626 2753 2682 2810 δὲ
2715 2755 2904 2830 ψυχὴν
2944 2753 3002 2808 ἐκ
3046 2755 3122 2826 μή
3172 2753 3342 2810 ὄντων
3392 2753 3877 2833 ἐδημιούργησεν·

2210 2847 2272 2904 οὖ
2303 2847 2430 2922 γὰρ,
2461 2845 2600 2901 κατὰ
2625 2845 2716 2900 τὸν
2766 2838 2995 2912 δυσσεϐῆ
3045 2844 3367 2920 Μαρκίωνος
3422 2843 3623 2922 λόγον,
3670 2846 3857 2917 ὀμ.οοῦ

2212 2936 2327 3001 σιὸς
2359 2935 2561 3005 ἔστι·ιὴ
2595 2935 2750 3010 ψυχὴ
2779 2937 2876 2989 τοῦ
2925 2933 3312 3003 πεποιηκότος,
3369 2933 3497 3000 ἆᾼλ’
3545 2934 3609 2990 ἐκ
3661 2937 3743 3008 μή
3795 2936 3884 2990 ’ὀν-

2209 3047 2301 3088 τος
2333 3021 2591 3080 ἔκτισται.

2277 3113 2460 3170 Ἀ).λᾶ
2489 3114 2576 3169 καὶ
2601 3113 2700 3182 τήν
2735 3110 2974 3168 Παλαιὰν
3021 3113 3366 3192 βλασφημῶν
3419 3115 3730 3185 Διαθῆκην,
3783 3114 3878 3170 καὶ

2207 3208 2300 3263 τὸν
2332 3205 2381 3260 ἐν
2412 3203 2548 3277 αὐτῇ
2598 3200 2917 3272 λαλήσαντα
2973 3201 3193 3270 ἀθετῶν,
3239 3203 3468 3274 καθεξῆς
3521 3202 3583 3259 δὲ
3630 3205 3728 3259 καὶ
3785 3227 3877 3261 σε·

2213 3297 2378 3370 λήγῃ,
2409 3293 2500 3349 καὶ
2549 3291 2722 3364 ἡλίῳ,
2751 3290 2844 3346 καὶ
2889 3297 3007 3352 τοῖς
3051 3292 3273 3367 ἀστράσι
3327 3289 3490 3358 σέϐας
3536 3293 3870 3365 ἀποδιδοὺς,

2209 3383 2298 3440 καὶ
2335 3378 2580 3458 βοτάνας,
2609 3377 2706 3433 καῖ
2731 3374 2920 3451 δένδρα
2952 3377 3282 3452 ὑψιπέταλα,
3313 3379 3403 3434 καὶ
3451 3379 3653 3435 ἀὲνναα
3699 3379 3872 3437 ὕδατι

2209 3469 2435 3550 ἔμψυχα
2481 3472 2617 3525 εἶναι
2671 3466 2921 3540 οἰόμενος
2967 3468 3059 3522 καὶ
3101 3464 3239 3542 ἕτερ’
3297 3468 3430 3524 ἅττα
3487 3472 3870 3548 φθεγγόμενος

2211 3562 2410 3633 Ero-ira,
2460 3558 2784 3635 φερώνυμον
2843 3557 3031 3612 ἑαυτὸν
3079 3555 3299 3630 ἀληθῶς
3341 3566 3444 3628 τῆς
3497 3561 3698 3632 μανίας
3757 3558 3870 3616 δεί-

2207 3671 2410 3707 κνυσιν·
2445 3649 2494 3718 ἐξ
2527 3649 2616 3717 ἧς,
2659 3645 2837 3719 οἶμαι,
2891 3645 2982 3700 καὶ
3036 3648 3137 3717 τήν
3192 3649 3584 3722 προσωνυμίαν
3633 3646 3869 3709 δικαίως

2209 3741 2488 3812 ἐκτήσατο.
2533 3737 2712 3796 Ἀλλὰ
2756 3737 2848 3790 καὶ
2879 3737 3100 3810 ὁνόμος
3145 3738 3197 3793 ἐν
3243 3738 3523 3809 ἑξηκοστῷ
3570 3759 3706 3812 φησι
3771 3740 3867 3813 βι-

2207 3827 2354 3904 ϐλίῳ
2389 3828 2597 3905 μηδένα
2634 3829 2760 3892 τοὺς
2815 3829 3158 3907 Μανιχαίους
3206 3826 3568 3902 κληρονομεῖν
3618 3825 3678 3880 ἐκ
3725 3823 3863 3881 δια-

2206 3925 2380 3994 Θήκης
2411 3922 2446 3993 ἢ
2477 3919 2529 3992 ἐξ
2562 3918 2864 3990 ἀδιαθέτου,
2894 3919 2962 3974 τα
2999 3915 3056 3974 δὲ
3086 3917 3382 3993 πράγματα
3433 3918 3601 3972 αὐτῶν
3649 3915 3728 3979 εἷς
3787 3917 3860 3972 τὸ

2205 4007 2473 4084 δημόσιον
2540 4008 2942 4082 εἰσκομίζεσθαι
3005 4011 3284 4080 ταμιεῖον.
3372 4001 3867 4074 Ἀναϐατττίζονται

2204 4096 2262 4154 δὲ
2313 4100 2370 4154 οἱ
2430 4098 2490 4154 ἐκ
2544 4098 2750 4154 τούτων
2806 4101 2876 4172 τῇ
2941 4099 3238 4171 ἀμωμήτῳ
3303 4099 3465 4168 ἡμῶν
3530 4091 3870 4170 προσιόντες

2203 4190 2398 4248 πίστει·
2433 4186 2511 4246 ἔτι
2541 4191 2646 4267 γὰρ
2688 4193 2724 4260 ἡ
2780 4191 2988 4267 αἵρεσις
3042 4188 3179 4260 αὕτη
3239 4187 3538 4262 ἐπικρατεῖ,
3589 4187 3688 4242 καὶ
3751 4193 3872 4242 κῶ-

2204 4281 2302 4355 μαί
2353 4279 2459 4336 εἶσι
2518 4281 2608 4336 καὶ
2663 4277 2946 4350 κτησείδια
3000 4283 3107 4334 τῶν
3167 4273 3481 4352 Κουϐρίκων
3550 4278 3683 4354 περὶ
3765 4279 3870 4346 τῆν

2201 4365 2626 4428 ’Δπολλωνιάδα
2653 4369 2895 4442 κείμενα.

2199 4555 2232 4594 a
2261 4535 2408 4596 cibis
2437 4549 2800 4607 omnegenus
2827 4537 2886 4591 et
2909 4532 3041 4589 vino
3070 4531 3408 4598 abstineret,
3441 4545 3709 4604 cumque
3737 4530 3870 4588 τοι·

2105 4633 2151 4698 D
2184 4643 2294 4699 gus
2323 4629 2486 4684 tanto
2539 4623 2753 4680 mentis
2816 4621 3091 4680 exercitio
3143 4621 3585 4694 perterruisset,
3642 4635 3862 4677 eorum

2181 4715 2397 4774 animis
2454 4718 2520 4771 ut
2569 4713 2685 4770 sibi
2746 4711 3130 4776 adhaarerent,
3187 4714 3247 4766 et
3299 4709 3862 4781 agglutinarentnr,

2182 4806 2530 4878 persuadere
2561 4802 2751 4876 potuit
2777 4803 2898 4868 Quo
2930 4801 3148 4856 factum
3181 4802 3289 4864 est,
3324 4803 3389 4855 ut
3433 4799 3861 4872 Egyptiornm

2181 4895 2606 4954 monachorum
2639 4891 2904 4965 plerique
2935 4889 3188 4946 heresin
3217 4891 3348 4961 ejus
3389 4889 3654 4961 amplexi
3707 4891 3860 4947 sint.

2181 4992 2484 5042 Hmreseos
2515 4986 2712 5040 autem
2747 4980 3042 5054 precipna
3073 4979 3264 5052 capita
3311 4979 3668 5051 hujusmodi
3726 4980 3858 5037 fue-

2179 5078 2340 5130 runt.

2249 5162 2519 5219 Hieracas
2544 5161 2642 5218 hic
2660 5160 2844 5217 Vetus
2865 5162 2923 5216 et
2941 5158 3166 5216 Novum
3199 5158 3650 5214 Testamentum
3685 5158 3858 5215 velut

2177 5257 2557 5324 expectorans
2586 5249 3104 5334 interpretabatur,
3154 5247 3456 5320 librosque
3493 5249 3854 5322 Egyptian

2176 5347 2234 5399 et
2261 5345 2456 5398 Graaco
2487 5354 2756 5397 sermone
2783 5339 3193 5410 componebat.
3231 5339 3378 5409 Ejus
3419 5353 3598 5408 porro
3659 5339 3857 5395 inter-

2177 5432 2424 5504 pretatio
2447 5429 2847 5487 deliramentis
2867 5427 3136 5500 Origenis
3156 5426 3438 5483 assimilis
3462 5432 3598 5483 erat
3623 5428 3852 5497 ςγδι-ἰὴ

2179 5519 2457 5578 nimirum
2479 5517 2692 5576 fabulis
2715 5517 2928 5576 referta
2946 5532 3172 5574 necnon
3207 5515 3522 5589 allegoriis,
3547 5533 3684 5590 qua:
3717 5535 3827 5575 ver
