4058 6212
195 426 350 489 1325

1533 408 1940 475 THESAURI
1984 407 2138 467 LIB.
2188 407 2291 470 IV.

3436 407 3596 466 132.6

190 562 399 618 borum
432 559 580 616 fastu
606 558 927 614 scatebant.
961 557 1041 609 Ex
1072 570 1182 625 quo
1215 551 1406 609 evenit
1436 553 1519 617 ut,
1554 567 1688 607 cum
1721 553 1836 612 sibi
1865 561 1916 627 Α
1950 559 2248 626 assimilis,
2281 557 2406 628 ipso
2440 558 2509 614 ad
2542 558 2726 614 Deum
2756 575 3002 615 ascensu
3051 559 3468 620 innovaretur;
3501 561 3603 616 sed

193 651 429 722 sapiens
460 648 780 710 videretur,
813 647 1087 718 dogmata
1117 643 1176 698 in
1219 647 1520 714 posterum
1573 660 1678 714 pro
1709 644 1841 699 libi-

198 741 332 796 dine
363 741 730 811 proponeret.
763 735 908 791 Nam
968 734 1093 805 ipse
1137 749 1372 805 quoque
1411 733 1601 788 carnis
1647 750 1842 789 resur-

200 828 511 886 rectionem
547 826 889 898 antiquavit,
931 824 1309 894 animamque
1339 822 1526 879 solam
1547 839 1845 896 resurgere

204 919 499 974 fabulatus
520 921 627 982 est,
649 916 790 988 quia
830 914 1109 970 nimirum
1133 911 1457 984 spiritualis
1498 913 1846 968 resurrectio

203 1010 296 1064 sit.
324 1008 674 1063 Paradisum
707 1005 984 1062 sensilem
1017 1020 1143 1060 esse
1175 1002 1335 1058 nullo
1368 1003 1540 1058 modo
1572 1002 1842 1058 admitte-

205 1097 319 1152 bat.
354 1095 600 1163 Nuptias
629 1095 689 1149 in
733 1093 926 1148 Veteri
976 1092 1348 1146 Testamento
1396 1090 1681 1145 duntaxat
1723 1105 1844 1160 per-

203 1184 420 1239 missas
454 1184 654 1250 fuisse,
689 1185 822 1252 post
868 1177 1081 1235 Christi
1129 1182 1322 1233 autem
1376 1176 1687 1231 adventum
1731 1191 1845 1230 non

202 1272 453 1344 amplius
485 1287 655 1343 posse
682 1269 782 1342 qui
810 1267 1045 1339 nuptias
1092 1265 1502 1322 contraherent
1536 1265 1695 1335 regni
1743 1281 1846 1320 cos-

201 1361 368 1418 lestis
385 1359 505 1416 ﬁeri
530 1358 843 1431 participes
866 1356 1338 1422 asserebat.Quid
1365 1354 1845 1424 enim,inquiens,

201 1450 336 1506 novi
381 1450 666 1518 facturus,
719 1449 821 1501 aut
869 1445 1306 1517 pradicaturus,
1357 1448 1458 1499 aut
1501 1442 1848 1498 emendatus

202 1540 302 1595 ille
325 1539 420 1594 Dei
449 1543 650 1594 Sermo
686 1535 866 1603 venit,
901 1542 1105 1606 praeter
1154 1534 1480 1590 castitatem
1528 1538 1584 1587 et
1633 1531 1848 1587 sancti-

203 1627 488 1692 moniam,
521 1627 649 1682 sine
679 1641 795 1696 qua
834 1640 1004 1679 nemo
1066 1624 1370 1679 Dominum
1425 1622 1658 1678 visurus
1717 1622 1853 1675 est?

205 1719 369 1775 Unde
391 1717 604 1774 Paulus
625 1730 1026 1788 quoque,cum
1062 1714 1389 1770 honorabile
1444 1710 1776 1768 connubium
1805 1709 1852 1742 ⁵³

208 1809 490 1877 dicit,non
517 1823 756 1879 prorsus
778 1806 996 1862 idcirco
1041 1805 1199 1873 dicit,
1233 1808 1298 1860 ut
1324 1803 1522 1859 laudet
1551 1802 1716 1868 illud,
1749 1800 1850 1856 sed

207 1899 393 1954 obiter
422 1895 730 1963 subiniert,
775 1912 846 1951 ne
895 1895 1131 1950 tandem
1187 1892 1448 1948 incidant
1495 1894 1555 1947 in
1586 1889 1853 1946 tentatio-

207 2003 364 2044 nem.
402 1985 614 2041 Deinde
660 1983 936 2055 subjicit:
986 1988 1124 2054 Qum
1169 1990 1342 2054 nupta
1383 1998 1492 2038 non
1523 1987 1626 2048 est,
1655 1981 1852 2050 cogitat

208 2076 470 2150 quomodo
497 2075 880 2148 placebitDeo.
934 2075 1124 2144 Nupta
1172 2077 1376 2143 autem,
1420 2071 1686 2144 quomodo
1719 2070 1853 2140 pla-

207 2170 347 2224 cebit
378 2169 492 2223 viro
520 2165 587 2218 δί’.
622 2165 681 2220 Si
732 2181 868 2236 ergo
927 2165 1042 2220 Deo
1104 2180 1217 2219 non
1270 2163 1514 2235 placeat,
1563 2161 1854 2234 quomodo

211 2255 576 2314 servabitur?
608 2255 752 2310 Item
781 2271 794 2308 :
827 2253 1045 2320 Vellem,
1075 2253 1288 2325 inquit,
1333 2268 1522 2310 omnes
1569 2267 1681 2307 esse
1715 2252 1856 2305 sicut

209 2362 303 2418 ego
331 2362 453 2402 sum
477 2343 544 2399 ⁸ο.
589 2347 771 2399 Item:
829 2343 968 2398 Sunt
1024 2343 1280 2409 eunuchi,
1331 2344 1430 2414 qui
1483 2357 1538 2397 se
1582 2345 1856 2396 castrave-

209 2443 340 2491 runt
367 2434 435 2492 ⁶¹.
470 2437 600 2488 Haec
635 2433 906 2488 Hieracas
957 2448 1071 2488 non
1121 2431 1316 2488 solum
1361 2430 1624 2498 docebat,
1676 2429 1776 2484 sed
1803 2430 1860 2482 et

213 2541 385 2597 Opere
426 2522 800 2594 complebat:
856 2537 959 2576 nec
1004 2520 1332 2591 patiebatur
1381 2534 1738 2589 quemquam
1788 2515 1858 2570 ad

214 2632 381 2672 suam
418 2611 661 2684 synaxin
694 2628 794 2667 seu
825 2610 1302 2665 communionem
1353 2609 1567 2674 venire,
1616 2606 1715 2678 qui
1761 2606 1862 2660 aut

217 2702 562 2763 monachus,
600 2704 701 2756 aut
758 2699 1083 2769 continens,
1133 2703 1231 2754 aut
1287 2698 1471 2769 virgo,
1531 2701 1632 2752 aut
1684 2694 1864 2751 vidua

218 2809 335 2848 non
365 2795 538 2846 esset.
571 2789 850 2860 Spiritum
903 2796 1171 2844 sanctum
1213 2786 1359 2842 nihil
1417 2785 1572 2842 aliud
1614 2801 1742 2841 esse
1775 2784 1862 2838 di-

219 2881 405 2942 cebat,
454 2895 627 2949 quam
691 2894 823 2934 eum
877 2879 976 2948 qui
1023 2876 1194 2949 vulgo
1238 2874 1660 2932 Melchisedech
1722 2874 1866 2928 fere-

221 2969 413 3024 batur.
450 2969 547 3022 Ilic
576 2968 727 3021 enim
757 2971 866 3032 est,
901 2967 1112 3038 inquit,
1165 2966 1235 3020 de
1283 2981 1396 3036 quo
1439 2965 1671 3029 dicitur,
1713 2961 1863 3033 quod

219 3074 351 3112 cum
371 3057 720 3112 assimilatus
749 3057 819 3111 sit
849 3057 995 3112 Filio
1018 3057 1132 3122 Dei,
1164 3058 1350 3110 manet
1377 3053 1631 3109 sacerdos
1660 3050 1720 3106 in
1750 3065 1869 3121 per-

214 3146 466 3214 petuum.
490 3142 574 3195 Ad
609 3141 729 3196 haec
749 3139 887 3211 quia
911 3140 1053 3195 Filio
1073 3139 1407 3196 Paracletus
1444 3135 1727 3194 assimilis
1760 3138 1867 3199 est,

217 3236 523 3302 propterea
543 3232 660 3286 sine
683 3234 862 3299 patre,
891 3231 1008 3285 sine
1027 3239 1232 3297 matre,
1266 3238 1315 3284 et
1337 3231 1456 3284 sine
1485 3225 1805 3297 genealogia
1823 3223 1870 3258 ⁸³

1952 649 2150 704 nescio
2181 647 2314 718 quis
2346 647 2580 704 informi
2615 649 2976 704 deformitate
3007 649 3302 718 graculus,
3335 649 3604 721 Origenis

1952 736 2351 808 Opinionibus,
2385 736 2923 808 nonnullorumque
2954 738 3052 808 qui
3105 738 3270 793 illum
3305 755 3605 809 praecessec

1952 831 2105 894 rant,
2143 826 2461 882 haeresibus
2509 827 2677 897 quasi
2730 827 3108 899 syllogisticis
3165 828 3274 882 alis
3326 827 3601 898 gestiens.

1951 915 2457 980 Quemadmodum
2502 917 2658 971 enim
2704 917 2990 973 Dominus
3037 917 3226 973 soluta
3270 918 3470 972 mortis
3515 924 3605 988 ty-

1953 1006 2196 1060 rannide
2227 1011 2605 1061 monumento
2637 1007 2876 1074 exsiliit,
2910 1007 3333 1078 diseipulisque
3382 1011 3603 1074 astans,

1953 1098 2010 1148 et
2040 1095 2113 1148 ab
2145 1094 2352 1150 iisdem
2387 1095 2684 1167 palpatus,
2707 1113 2943 1151 carnem
2971 1097 3184 1151 habere
3208 1097 3605 1168 deprehensus

1953 1188 2060 1251 est,
2089 1184 2169 1237 ita
2200 1188 2257 1238 et
2288 1201 2396 1239 nos
2429 1201 2820 1256 resurgemus,
2854 1189 3102 1257 ejusque
3156 1186 3434 1241 tribunali
3476 1201 3607 1240 cum

1953 1272 2156 1328 eodem
2190 1287 2431 1341 corpore
2454 1278 2626 1344 atque
2657 1275 2856 1330 anima
2879 1275 3081 1330 eadem
3105 1275 3454 1342 astahimus,
3471 1290 3606 1329 cum

1957 1359 2173 1432 quibus
2201 1366 2258 1416 et
2290 1361 2467 1432 hujus
2496 1364 2628 1418 vitae
2659 1363 3014 1418 curriculum
3049 1364 3466 1435 peregerimus.

2027 1450 2307 1522 Origenes
2357 1452 2511 1506 enim
2575 1452 2815 1524 longum
2866 1455 3070 1523 valeat,
3123 1471 3253 1508 cum
3307 1454 3605 1524 omnibus,

1957 1539 2057 1608 qui
2089 1541 2162 1594 ab
2196 1541 2293 1594 illo
2321 1546 2544 1596 stantes
2603 1543 2860 1598 animam
2922 1560 3159 1614 corpore
3207 1544 3424 1598 nudam
3454 1543 3610 1612 judi-

1957 1631 2110 1685 cium
2145 1629 2479 1684 subituram
2511 1645 2638 1686 esse
2671 1633 3184 1700 tradiderunt,taie
3208 1632 3464 1687 hominis
3486 1633 3608 1688 ido-

1959 1718 2082 1773 lum
2115 1719 2163 1773 ei
2191 1718 2558 1790 adaptantes,
2593 1719 2796 1790 quales
2828 1722 2966 1776 idea:
2997 1727 3137 1776 sunt
3167 1739 3199 1776 a
3234 1722 3446 1777 Stoicis
3473 1737 3610 1776 con-

1960 1807 2130 1877 fictas,
2164 1808 2379 1876 quibus
2410 1822 2477 1862 ea
2503 1807 2702 1871 etiam,
2760 1826 2891 1879 quia
2939 1810 2997 1864 in
3060 1811 3275 1865 mundo
3322 1811 3610 1877 videntur,

1963 1903 2151 1950 creata
2183 1894 2364 1949 fuisse
2395 1896 2829 1951 docuerunt.Ad
2855 1899 3026 1968 cujus
3057 1897 3371 1969 opinionis,
3404 1898 3610 1953 absur-

1963 1980 2219 2036 dissima:
2277 1979 2515 2048 quidem
2576 1981 2758 2049 illius,
2849 1985 3374 2051 conﬁrmationem,
3435 1982 3612 2038 stulte

1965 2068 2278 2124 admodum
2313 2068 2470 2122 hunc
2512 2070 2758 2138 apostoli
2821 2071 2980 2124 Pauli
3037 2071 3230 2126 locum
3286 2072 3612 2142 proferunt,

1966 2157 2065 2212 ubi
2090 2157 2172 2212 sic
2203 2157 2320 2211 ait:
2351 2156 2674 2212 Seminatur
2701 2159 2966 2226 animale,
2997 2169 3189 2232 surget
3218 2159 3512 2232 spirituale
3541 2158 3608 2226 6³,

1969 2247 2066 2302 ubi
2099 2262 2201 2318 per
2230 2245 2532 2317 spirituale
2577 2263 2787 2318 corpus
2846 2249 2902 2302 id
2958 2249 3313 2321 intelligunt,
3350 2248 3504 2318 quod
3539 2247 3610 2304 ad

1968 2335 2152 2390 solam
2188 2333 2443 2391 hominis
2477 2335 2725 2406 ﬁguram
2761 2338 3148 2401 etI'ormatum,
3176 2356 3288 2395 non
3325 2344 3520 2394 autem
3545 2353 3613 2393 ex

1969 2428 2222 2494 quatuor
2253 2423 2676 2482 elementorum
2709 2428 3116 2483 commistione
3147 2428 3465 2484 conﬂatum
3499 2426 3611 2482 sit:

1972 2529 2096 2585 quas
2119 2515 2353 2584 quidem
2389 2515 2785 2588 interpretatio
2817 2534 2852 2572 a
2883 2519 3148 2574 doctrina
3178 2524 3234 2574 et
3262 2535 3441 2574 seusu
3463 2519 3616 2587 Apo-

1971 2603 2105 2659 stoli
2140 2604 2328 2658 aliena
2355 2609 2460 2660 est.
2492 2605 2544 2660 ls
2574 2607 2729 2660 enim
2789 2609 2859 2661 ad
2918 2613 3172 2671 sanctos,
3205 2609 3304 2679 qui
3357 2604 3620 2663 Corinthi

1971 2697 2160 2759 erant,
2188 2693 2264 2747 its
2295 2694 2496 2750 scribit
2530 2711 2541 2748 :
2576 2695 2678 2750 Sed
2707 2695 2850 2751 (licet
2881 2698 3086 2767 aliquis
3111 2713 3124 2752 :
3153 2698 3424 2765 Quomodo
3465 2694 3621 2751 exci-

1973 2787 2169 2838 tantur
2199 2785 2452 2840 mortui?
2479 2784 2634 2855 quali
2668 2790 2852 2840 autem
2894 2802 3114 2857 COI'pOI'e
3172 2789 3393 2841 venturi
3448 2786 3624 2840 sunt?

1977 2871 2269 2943 Insipiens,
2315 2881 2374 2928 tu
2432 2874 2571 2946 quod
2634 2877 2894 2941 seminas,
2954 2892 3061 2932 non
3120 2877 3452 2945 viviﬁcatur,
3513 2875 3624 2929 nisi

1975 2965 2132 3032 prius
2161 2963 2436 3018 moriatur
2469 2981 2481 3018 :
2513 2967 2560 3018 et
2593 2964 2731 3034 quod
2761 2968 3025 3033 seminus,
3083 2981 3190 3021 non
3241 2981 3438 3037 corpus
3483 2963 3623 3035 quod

1977 3055 2230 3124 futurum
2256 3057 2334 3106 est
2371 3055 2631 3121 seminus,
2689 3053 2776 3109 sed
2832 3055 3044 3108 nudum
3101 3071 3369 3126 granum,
3426 3059 3624 3124 utputa

1979 3142 2185 3207 tritici,
2219 3146 2312 3196 aut
2343 3140 2588 3212 alicujus
2617 3152 2968 3198 ca’terorum.
3007 3147 3144 3198 Deus
3193 3148 3374 3199 autem
3420 3159 3623 3210 corpus

1981 3231 2072 3286 illi
2100 3232 2214 3299 dat,
2244 3233 2384 3286 sicut
2413 3233 2607 3301 voluit,
2641 3238 2692 3286 et
2728 3232 3022 3303 unicuique
3050 3236 3320 3289 seminum
3340 3232 3627 3304 pr0prium

220 3319 618 3376 diciturzsine
650 3324 832 3374 matre
883 3319 1141 3390 quidem,
1175 3318 1311 3387 quia
1347 3322 1586 3373 matrem
1626 3329 1864 3371 sursum
1903 3305 1948 3369 C
1977 3337 2191 3392 corpus,
2227 3322 2341 3376 Non
2374 3323 2550 3376 omnis
2583 3338 2729 3389 caro,
2770 3322 2959 3378 eadem
3005 3338 3153 3389 caro,
3199 3323 3289 3377 sed
3341 3324 3456 3377 alia
3502 3322 3628 3392 qui-

223 3422 338 3461 non
372 3405 570 3472 habet,
599 3405 725 3461 sine
757 3409 917 3476 patre
953 3410 1170 3473 autem,
1196 3404 1333 3476 quia
1387 3404 1447 3458 in
1489 3413 1640 3459 terra
1672 3398 1868 3455 nullus

221 3495 274 3550 ei
299 3498 463 3564 pater
493 3500 602 3552 est.

300 3583 489 3656 Hujus
521 3601 692 3656 porro
725 3582 1219 3656 interpretationis
1252 3599 1457 3638 ansam
1508 3598 1576 3636 ex
1617 3583 1871 3652 quodam

229 3675 562 3746 apocrypho
602 3674 795 3730 libello
827 3675 1156 3744 expiscatus
1201 3678 1311 3742 est,
1354 3674 1522 3744 cujus
1570 3672 1874 3744 inscriptio

230 3767 376 3833 erat,
411 3763 818 3831 Anabaticum,
852 3780 954 3819 seu
978 3765 1049 3818 de
1075 3762 1428 3818 Ascensione
1461 3761 1644 3830 Isaias,
1667 3764 1726 3817 in
1759 3779 1874 3834 quo

226 3854 314 3908 ita
346 3851 656 3909 scribitur:
717 3851 974 3924 Angelus
1025 3850 1125 3924 qui
1179 3851 1520 3906 ambulabat
1578 3855 1712 3907 ante
1761 3867 1874 3918 me,

227 3943 486 3999 ostendit
516 3942 680 4010 mihi,
721 3951 774 3998 et
823 3941 968 3997 dixit
1011 3941 1194 3997 mihi:
1249 3941 1390 4006 Quis
1430 3947 1520 3997 est
1549 3941 1644 3998 ille
1675 3942 1770 4012 qui
1803 3942 1875 3997 ad

232 4033 526 4088 dexteram
552 4032 653 4088 Dei
674 4031 960 4088 sedet?et
1003 4031 1274 4102 respondi
1323 4030 1407 4086 ei:
1439 4031 1525 4086 Tu
1574 4031 1710 4097 scis,
1763 4031 1876 4085 Do-

228 4122 386 4179 mine
409 4138 422 4178 :
449 4131 504 4178 et
527 4121 670 4178 dixit
693 4137 708 4178 :
731 4122 836 4176 Hic
861 4125 948 4176 est
969 4120 1234 4176 dilectus.
1264 4120 1519 4175 Rursum
1563 4121 1643 4174 ita
1685 4121 1872 4174 dixit:

227 4213 372 4278 Quis
424 4216 508 4268 est
569 4211 733 4281 alter,
767 4211 933 4282 quia
990 4208 1246 4265 sinistris
1307 4209 1464 4263 venit
1520 4207 1571 4262 ei
1614 4208 1880 4264 similis?

226 4302 389 4357 Tune
422 4301 694 4374 respondi
726 4301 779 4356 ei
812 4316 826 4356 :
858 4300 942 4354 Tu
973 4299 1109 4364 scis,
1141 4297 1419 4353 Domine:
1455 4301 1512 4352 et
1563 4297 1742 4351 dixit:
1782 4296 1879 4352 IIie

235 4396 329 4446 est
358 4390 612 4462 Spiritus
637 4397 875 4445 sanctus
907 4388 1008 4459 qui
1039 4386 1302 4453 loquitur
1339 4385 1398 4440 in
1445 4390 1499 4440 te
1543 4392 1600 4440 et
1629 4386 1880 4458 prophe-

232 4482 336 4538 tis:
371 4486 428 4537 et
459 4485 583 4537 erat
610 4479 822 4536 similis
855 4479 1088 4534 dilecto.
1110 4481 1325 4532 Pueros
1358 4477 1591 4546 insuper
1622 4477 1881 4548 quipra-

234 4575 463 4626 matura
497 4575 664 4626 (etate
696 4575 1080 4634 morerentur,
1116 4572 1430 4636 antequam
1465 4567 1566 4622 Dei
1599 4567 1882 4638 cognitio-

1979 3411 2103 3465 tlem
2131 3411 2440 3477 hominum,
2469 3411 2587 3464 alia
2612 3425 2892 3480 pecorum,
2926 3411 3042 3465 alia
3088 3411 3350 3481 piscium,
3377 3412 3492 3466 alia
3533 3425 3630 3465 vo-

1982 3503 2219 3554 lucrum.
2257 3501 2398 3554 Item
2424 3516 2435 3554 :
2466 3499 2704 3569 Corpora
2725 3499 3060 3568 cwleslia,et
3075 3516 3307 3571 corpora
3326 3501 3628 3565 terrestria,

1980 3588 2080 3644 sed
2109 3587 2222 3641 alia
2261 3586 2479 3656 quidem
2505 3588 2801 3642 caelestium
2829 3587 3030 3656 gloria,
3064 3589 3180 3643 alia
3231 3596 3415 3643 autem
3458 3592 3632 3641 terre-

1983 3678 2203 3733 strium.
2238 3678 2367 3732 Atia
2396 3677 2622 3732 claritas
2651 3679 2808 3745 solis,
2834 3679 2949 3732 alia
2982 3678 3210 3732 claritas
3241 3678 3407 3742 lunae,
3438 3682 3489 3729 et
3515 3671 3632 3727 alia

1983 3766 2214 3822 claritas
2261 3765 2568 3820 stellarum.
2619 3765 2793 3820 Stella
2843 3766 2992 3820 enim
3047 3782 3082 3818 a
3129 3764 3286 3818 stella
3335 3762 3527 3832 cii/fert
3573 3761 3634 3812 in

1983 3857 2263 3920 claritate,
2294 3857 2372 3908 sic
2418 3863 2473 3908 et
2520 3863 2846 3908 resurrectio
2891 3858 3258 3906 mortuorum.
3314 3849 3633 3904 Seminatur

1989 3947 2045 4000 in
2075 3942 2440 4013 corruptione,
2472 3943 2750 3996 excitatur
2773 3940 2831 3994 in
2854 3940 3296 4010 incorruptione:
3326 3940 3632 3994 seminatur

1987 4036 2048 4089 in
2079 4031 2448 4101 ignobilitate,
2478 4039 2666 4099 surget
2697 4029 2758 4084 in
2786 4029 3001 4100 gloria:
3036 4027 3344 4083 seminatur
3379 4029 3437 4081 in
3466 4028 3629 4096 inﬁr-

1987 4127 2198 4186 mitate,
2230 4127 2412 4190 surget
2445 4121 2504 4174 in
2536 4121 2776 4175 virtute:
2811 4119 3114 4174 seminatur
3143 4133 3340 4190 corpus
3361 4116 3630 4186 animale,

1988 4216 2172 4280 surget
2203 4227 2395 4282 corpus
2423 4210 2719 4281 spirituale
2749 4210 2815 4266 6‘.

2064 4301 2286 4366 Quibus
2323 4300 2512 4356 verbis
2546 4317 2644 4356 eos
2677 4300 2940 4370 instruit,
2974 4316 3223 4372 quorum
3258 4315 3431 4355 aures
3462 4314 3635 4353 ceru-

1987 4391 2135 4448 mine
2189 4389 2551 4446 infidelitatis
2635 4390 3096 4462 haudquaquam
3174 4390 3636 4454 obsurduerunt,

1990 4481 2672 4555 quod,quemadmodnm
2689 4499 2935 4553 granum
2953 4482 3227 4536 frumenti
3244 4485 3299 4538 in
3319 4481 3641 4537 visceribus

1992 4579 2156 4628 terrm
2181 4569 2447 4638 moritur,
2483 4574 2536 4624 et
2556 4587 2661 4624 suo
2686 4575 2944 4642 tempore
2967 4571 3240 4642 resurgit,
3275 4587 3387 4625 non
3415 4569 3640 4624 nudum

234 4678 370 4716 nem
404 4662 599 4733 adepti
632 4664 829 4716 essent
861 4659 1026 4730 regni
1056 4655 1308 4713 ccelestis
1332 4655 1586 4712 heredes
1617 4673 1745 4712 esse
1769 4673 1880 4712 non
1915 4640 1959 4704 D
1994 4661 2252 4732 quidem,
2285 4663 2340 4713 et
2362 4657 2534 4729 quale
2598 4640 2952 4714 seminatum
3007 4667 3117 4726 est,
3143 4640 3279 4714 ised
3330 4657 3552 4714 clarum
3585 4661 3644 4712 et

232 4766 404 4822 posse
436 4749 800 4821 dicebat,qui
832 4747 1110 4804 nimirum
1133 4763 1248 4802 non
1272 4749 1709 4802 certassent.lta
1725 4747 1878 4801 enim

231 4839 426 4910 inquit
455 4855 468 4893 :
495 4840 551 4894 Si
584 4838 685 4910 qui
733 4841 914 4894 certat
958 4852 1072 4891 non
1120 4841 1429 4890 coronatur
1480 4835 1591 4890 nisi
1623 4835 1882 4907 legitime

235 4929 556 4998 certaverit,
589 4931 805 4998 quanto
837 4926 1032 4982 minus
1066 4925 1116 4980 is
1146 4924 1244 4997 qui
1276 4924 1345 4979 ad
1375 4928 1668 4981 certamen
1714 4941 1886 4982 voca-

233 5022 334 5074 tus
366 5033 483 5073 non
514 5017 644 5073 est?

560 5169 828 5224 Hmreseos
857 5165 1223 5239 praecedentis
1251 5162 1575 5237 con/utalia.

316 5285 370 5340 Is
403 5300 518 5341 non
562 5289 686 5340 erat
732 5284 1026 5353 Hieracas,
1074 5282 1171 5352 qui
1229 5281 1624 5336 vcnaticorum
1673 5295 1889 5350 praepe-

239 5381 486 5447 tumque
507 5374 759 5448 ἱεράκων,
781 5374 888 5429 hoc
911 5380 1015 5442 est,
1049 5371 1393 5442 accipitrum
1447 5385 1604 5422 more
1663 5367 1892 5422 divinas

237 5466 574 5536 Scripturas
606 5465 796 5520 oculis
818 5460 1523 5528 circumlustraret,atque
1550 5455 1892 5527 dogmatum

237 5556 543 5611 veritatem
570 5555 829 5627 undique
857 5557 1169 5610 venaretur
1201 5568 1214 5606 :
1269 5553 1371 5604 aut
1418 5546 1626 5602 saltem
1683 5548 1894 5620 aquilis

312 5673 362 5708 ⁵⁸
392 5674 534 5732 Heb.
566 5691 694 5742 xm,
725 5676 777 5729 4.
863 5673 911 5707 5°
942 5673 964 5729 Ι
994 5672 1120 5728 Cor.
1153 5685 1256 5740 vn,
1290 5667 1376 5722 34.
1492 5664 1539 5703 ⁶⁰
1568 5664 1714 5724 Ibid.
1751 5673 1806 5730 7.

239 5745 292 5781 ⁸⁴
323 5746 466 5803 Ibid.
501 5747 593 5818 35,
625 5762 742 5821 seq.

1930 5672 1972 5710 δι
2007 5673 2211 5731 Matth.
2246 5690 2360 5744 xxx,
2395 5674 2481 5728 12.

1994 4748 2435 4824 perpulchrum,
2473 4754 2646 4819 atque
2679 4766 2747 4804 cx
2779 4749 3009 4820 pristini
3058 4749 3318 4820 corporis
3366 4750 3644 4803 substan-

1993 4841 2112 4896 tia:
2146 4839 2227 4894 ita
2256 4839 2427 4894 etiam
2462 4855 2674 4910 corpus
2703 4845 2967 4894 nostrum
3001 4839 3222 4893 nudum
3258 4838 3518 4908 quidem,
3552 4836 3644 4888 in-

1994 4928 2752 5000 formectingloriumlerrze
2775 4928 3179 4996 committitur,
3214 4928 3450 4997 elegans
3487 4940 3644 4992 vero,

1997 5021 2356 5076 concinnum
2383 5022 2439 5074 et
2459 5018 2760 5089 spirituale
2783 5018 3323 5089 resurgit.Quemad
3336 5013 3648 5070 modumin

2001 5109 2324 5166 seminibus
2358 5123 2586 5180 quoque
2618 5109 2884 5163 videmus
2919 5125 2930 5162 :
2967 5121 3203 5178 germen
3251 5105 3405 5160 enim
3453 5100 3649 5157 aristis

2003 5200 2298 5255 munitum
2323 5198 2622 5264 emittunt,
2643 5215 2756 5252 non
2781 5203 2974 5253 autem
3002 5195 3248 5265 nudum,
3274 5193 3446 5264 quale
3471 5192 3650 5247 etiam

2001 5293 2167 5344 terra:
2191 5288 2569 5344 commissum
2593 5297 2696 5358 est,
2735 5287 2976 5357 proinde
2999 5301 3208 5356 corpus
3233 5286 3385 5339 idem
3431 5281 3650 5338 excita-

2002 5378 2315 5446 tur.Hujus
2346 5377 2500 5432 enim
2544 5378 2624 5432 rei
2649 5377 2773 5448 ipse
2799 5392 3028 5446 quoque
3048 5374 3265 5430 Paulus
3286 5379 3488 5429 auctor
3517 5375 3601 5427 est
3634 5387 3648 5426 :
3709 5415 3716 5423 .

2008 5465 2311 5536 Unicuique
2330 5465 2642 5536 resurgenti
2681 5465 2883 5520 semini
2910 5463 3198 5536 proprium
3233 5480 3431 5534 corpus
3471 5461 3649 5517 datur.

2079 5555 2234 5610 Idem
2257 5560 2530 5626 praeterea
2564 5555 2775 5611 astruit
2809 5571 2922 5611 non
2957 5571 3074 5610 uno
3105 5554 3164 5608 in
3211 5553 3427 5609 honore
3459 5567 3654 5607 resur-

2594 5674 2640 5710 6³
2675 5675 2814 5732 Heb.
2840 5691 2938 5742 vu,
2971 5675 3024 5728 3.
3137 5671 3184 5706 δ’
3225 5671 3404 5729 ICor.
3440 5688 3530 5743 xv,
3563 5669 3650 5726 44.
