4090 6192
3707 70 4022 92 νπ-
4077 76 4081 84 ι

3825 97 3900 108 -ιν

499 415 650 478 1227
1817 409 2122 472 ΝΙΟΕΤΒ
2163 408 2577 472 (ἷΗΟΝΙΑΤιΕ
3756 413 3918 475 ηαδ

493 558 780 622 recturus,
817 553 913 609 sed
966 559 1197 609 sanctos
1259 551 1657 624 peccatoribus
1713 550 1990 606 clariores
2047 549 2138 603 fu-
2174 549 2219 614 Α
2254 547 2577 618 gebatzqui
2611 547 2727 602 Dco
2786 545 3002 604 similis
3047 547 3270 604 nullam
3335 547 3510 605 aliam
3563 549 3641 604 ob
3677 565 3918 606 causam

494 644 883 712 turos,eadem
907 641 1362 713 comparatione,
1397 658 1510 713 qua
1558 655 1619 695 se
1667 655 1896 710 quoque
1926 638 2144 694 habent
2253 635 2445 689 dictus
2479 640 2649 701 esset,
2683 650 2862 705 quam
2894 635 3034 706 quia
3058 635 3219 692 solus
3266 637 3532 692 omnium
3583 637 3748 708 apud
3798 637 3921 692 Mo-

496 749 738 804 corpora
767 731 1024 790 caelestia
1051 734 1120 787 ad
1157 737 1405 788 terrena.
1441 728 1591 794 Quin
1651 727 1737 784 vel
1786 727 1937 783 inter
1980 727 2142 799 ipsos
2253 740 2374 780 rem
2407 724 2536 780 sine
2565 724 2906 797 genealogis
2934 734 3106 795 esset,
3137 730 3194 782 et
3244 726 3407 797 quia,
3440 730 3504 781 ut
3546 727 3632 782 ita
3696 729 3919 798 dicam,

491 822 682 892 justos
715 820 866 877 idem
883 820 1166 878 claritatis
1188 821 1449 875 futurum
1474 816 1811 884 discrimen,
1840 832 1955 887 quo
2001 815 2142 871 luna
2253 813 2421 885 panis
2451 817 2511 870 et
2539 813 2654 868 vini
2687 813 2983 870 oblatione
3012 813 3478 870 benevolentiam
3531 832 3708 872 suam
3781 833 3921 890 erga

497 926 529 964 a
560 909 702 980 sole,
733 914 790 965 et
829 926 944 982 quo
1003 909 1305 966 stellarum
1369 907 1584 962 chorus
1637 922 1670 960 a
1730 905 1867 960 luna
1923 904 2135 960 differt.
2253 901 2545 958 Abraham
2569 902 2946 974 declarasset,
2965 919 3098 958 cum
3141 921 3175 959 a
3216 906 3475 975 quinque
3510 920 3722 976 regum
3755 907 3917 963 exci-

495 998 761 1055 Animale
818 1004 1011 1055 autem
1058 1015 1269 1068 corpus
1325 995 1767 1065 intelligendum
1829 998 1937 1060 est,
1987 992 2136 1064 quod
2251 991 2345 1046 dio
2378 995 2779 1058 reverteretur,
2813 1008 2938 1064 qua:
2991 992 3225 1063 quidem
3265 993 3464 1048 omnia
3513 993 3754 1050 Christo
3801 989 3917 1050 mi-

496 1085 848 1142 animalibus
883 1085 1256 1142 facultatibus
1289 1084 1511 1154 regitur
1541 1089 1598 1137 et
1645 1086 1929 1148 movetur,
1963 1086 2138 1151 atque
2249 1099 2379 1139 rum
2415 1085 2470 1138 in
2506 1084 2736 1139 modum
2769 1085 3142 1140 conveniunt.
3177 1088 3322 1140 Nam
3345 1088 3773 1155 generationem
3794 1090 3916 1147 eius

492 1174 710 1231 idcirco
742 1175 815 1230 iis
846 1175 1308 1246 haudquaquam
1357 1177 1506 1244 eget,
1567 1188 1693 1243 qua:
1752 1171 1820 1226 ad
1855 1169 2134 1226 crassitu-
2247 1175 2370 1242 qui:
2401 1173 2683 1228 enarrabit
2710 1172 2798 1228 1‘?
2838 1171 3118 1245 illamque
3167 1173 3310 1230 adeo
3358 1175 3626 1246 mysterii
3677 1175 3913 1232 instituo

495 1264 692 1319 dinem
726 1265 1053 1320 necessaria
1083 1267 1244 1329 sunt,
1296 1265 1468 1333 prout
1519 1275 1763 1331 corpora
1805 1265 1940 1314 ante
1989 1274 2139 1315 mor-
2246 1260 2466 1316 tionem
2499 1265 2667 1316 nocte
2689 1261 2788 1316 illa
2809 1261 3041 1329 factam,
3075 1277 3194 1332 qua
3252 1263 3619 1333 tradebatur,
3654 1281 3805 1336 pane
3855 1273 3911 1322 et

491 1359 606 1409 tem
640 1353 856 1410 omnia.
888 1351 1205 1425 Spirituale
1236 1367 1392 1419 vero,
1423 1350 1579 1421 quod
1615 1353 1854 1404 sanctus
1884 1346 2138 1419 Spiritus
2244 1349 2378 1405 vino
2411 1350 2702 1405 definiunt
2721 1349 2789 1404 τί.
2826 1351 3022 1406 Dicam
3046 1366 3179 1406 vero
3215 1351 3498 1422 quiddam
3535 1351 3699 1407 aliud
3735 1353 3907 1412 tertio

2250 1438 2552 1508 loco,quod
2576 1457 2607 1492 ιι
2640 1437 2840 1494 multis
2863 1440 3190 1510 ignoratur.
3217 1439 3341 1495 Uno
3391 1441 3723 1512 eodemque
3769 1447 3911 1498 tem-

2246 1543 2384 1596 pore
2413 1527 2558 1584 duos
2588 1525 2848 1598 insignes
2878 1527 3094 1599 pietate
3125 1528 3282 1583 viros
3332 1527 3735 1584 Abrahamum
3786 1533 3904 1587 sci-

2245 1613 2376 1670 licet
2415 1620 2472 1670 et
2518 1614 3028 1679 Melchisedecum,
3079 1616 3351 1672 ﬂoruisse
3402 1617 3587 1672 Moses
3641 1618 3911 1678 scribit:

489 1712 590 1766 sed
613 1710 828 1766 subtile
855 1713 913 1764 et
963 1710 1083 1770 leve
1138 1713 1246 1773 est,
1303 1713 1478 1779 atque
1535 1707 1704 1779 quasi
1752 1723 1854 1780 per
1883 1723 2018 1762 aera
2046 1721 2135 1762 ve-
2243 1719 2490 1774 quorum
2523 1707 2720 1759 tamen
2756 1703 2854 1760 ille
2902 1704 2960 1760 in
3009 1703 3481 1769 circumcisione,
3515 1704 3603 1760 hic
3649 1708 3707 1760 in
3759 1724 3913 1776 pre-

490 1802 702 1864 ctatur,
729 1803 786 1853 et
823 1797 896 1852 ad
928 1797 1238 1853 mtheream
1271 1798 1663 1852 substantiam
1706 1795 1992 1865 ascendit,
2029 1809 2134 1851 nec
2244 1793 2406 1864 putio
2455 1798 2875 1850 testamentum
2932 1798 3255 1865 acceperat.
3317 1794 3565 1851 Proinde
3623 1796 3911 1854 Christus

491 1886 610 1942 ulla
665 1890 1031 1942 terrenarum
1089 1885 1404 1956 cupiditate
1461 1884 1739 1956 capitur:
1802 1881 2209 1980 cujusmodiB
2243 1884 2514 1940 sacerdos
2547 1885 2870 1941 secundum
2924 1884 3189 1940 ordinem
3240 1884 3652 1942 Melchisedeci
3707 1888 3910 1944 nomi~

488 1975 663 2030 etiam
696 1989 940 2046 corpora
970 1977 1167 2029 nostra
1222 1977 1351 2044 post
1409 1972 1895 2028 resurrectionem
1952 1988 1986 2026 a
2016 1972 2131 2028 Deo
2162 1971 2206 1980 ’”
2241 1980 2431 2042 natur,
2463 1989 2580 2028 non
2612 1971 2804 2029 solum
2838 1973 2978 2044 quia
3017 1990 3169 2045 pane
3219 1979 3276 2029 et
3313 1975 3471 2043 vino,
3507 1977 3908 2046 quemadmo-

489 2064 660 2131 ﬂunt,
693 2064 790 2133 qui
849 2061 1108 2118 ccelestia
1159 2060 1449 2117 elementa
1496 2077 1560 2117 ea
1614 2062 1945 2117 conditione
2001 2077 2131 2134 pro-
2238 2061 2379 2116 dum
2413 2065 2470 2116 et
2498 2059 2614 2130 ille,
2649 2060 2891 2134 mystice
2923 2061 3221 2117 fecitzsed
3257 2061 3430 2117 etiam
3472 2064 3616 2134 quia
3641 2063 3906 2120 circum-

487 2153 672 2221 duxit,
705 2156 768 2207 ut
798 2151 942 2207 nulli
976 2151 1159 2215 senio,
1214 2149 1476 2222 nullique
1522 2150 1703 2207 labori
1754 2150 2005 2207 obnoxia
2038 2166 2132 2208 es-
2238 2148 2516 2205 cisionem
2551 2149 2610 2204 in
2670 2149 2954 2222 praeputio
3012 2150 3327 2217 benedixit,
3380 2151 3898 2223 quemadmodum

486 2247 638 2299 sent.
2235 2237 2613 2294 Melchisedec
2645 2239 2704 2294 in
2739 2238 3022 2311 preputio
3042 2239 3458 2296 circumcisum
3482 2241 3897 2296 Abrahamum

554 2331 685 2387 Jam
717 2346 832 2402 quo
855 2330 1010 2401 jure,
1044 2345 1262 2402 quaeso,
1296 2329 1553 2384 animam
1599 2330 1670 2384 ad
1728 2334 1947 2386 (eterna
1984 2346 2130 2403 ευρ·-
2236 2327 2632 2384 benedixerat.

486 2418 678 2491 plicia.
741 2417 831 2474 vel
890 2433 1132 2474 coronas
1193 2422 1534 2490 perpetuum
1605 2418 1944 2485 duraturae,
2001 2417 2130 2474 sine
2306 2420 2519 2476 Eorum
2552 2436 2724 2492 porro
2755 2420 2855 2492 qui
2880 2423 3228 2493 praematura
3256 2423 3444 2477 morte
3481 2423 3733 2488 obeunt,
3766 2423 3897 2478 vita

484 2523 725 2580 corpore
757 2506 968 2562 abduci
1000 2507 1219 2570 doceat,
1268 2522 1401 2562 cum
1451 2522 1565 2578 quo
1606 2505 1693 2563 vel
1745 2507 1860 2578 pia,
1893 2507 1981 2563 vel
2018 2507 2129 2564 im-
2234 2509 2572 2566 brevitatem
2607 2509 2704 2566 alii
2730 2509 3114 2582 prognostica;
3149 2527 3342 2566 rerum
3383 2512 3658 2567 omnium
3696 2513 3902 2568 Provi-

486 2596 580 2668 pia
602 2611 843 2668 quasque
873 2595 1190 2652 commisit.
2233 2599 2442 2654 dentite
2475 2599 2800 2665 ascribunt,
2848 2603 2913 2654 ut
2966 2599 3246 2654 nimirum
3297 2600 3697 2656 subsecutura
3744 2602 3902 2658 mala

557 2685 785 2758 lndigni
819 2701 989 2757 porro
1006 2690 1166 2753 sunt,
1199 2685 1298 2756 qui
1335 2684 1662 2741 nativitatis
1701 2685 1825 2742 dies
1869 2701 2127 2757 unquam
2233 2691 2290 2742 et
2317 2685 2546 2758 exleges
2575 2687 2836 2743 actiones
2888 2701 3032 2759 quas
3086 2688 3471 2760 perpetraturi
3537 2694 3734 2756 erant,
3790 2689 3896 2744 hac

483 2775 755 2840 viderint,
801 2775 1134 2848 quicunque
1193 2774 1419 2831 nullum
1481 2791 1680 2831 eorum
1733 2775 1832 2846 qui
1891 2775 2125 2848 nuptias
2231 2774 2454 2832 ratione
2485 2775 2911 2848 precidantur;
2947 2775 3043 2832 alii
3075 2777 3146 2832 ad
3180 2783 3492 2848 parentum
3544 2778 3898 2847 castigatio-

2231 2880 2363 2920 nem
2397 2864 2676 2934 referunt,
2708 2879 2841 2935 quas
2869 2880 2976 2920 nec
3015 2865 3236 2935 absque
3283 2864 3564 2920 ineffabili
3619 2866 3726 2922 illa
3775 2868 3893 2922 Nu-

2230 2953 2407 3008 minis
2440 2951 2802 3024 providentia
2835 2951 2954 3009 fiat.
2981 2956 3161 3024 Atque
3210 2952 3250 3008 ii
3299 2953 3533 3024 quidem
3579 2955 3683 3025 qui
3721 2971 3890 3011 sacro

2229 3040 2441 3096 initiati
2470 3041 2764 3114 baptismo
2810 3058 2923 3098 non
2982 3045 3140 3108 sunt,
3190 3042 3408 3114 quique
3456 3044 3816 3114 parentibus
3859 3060 3892 3099 ι

2229 3135 2384 3185 recta
2415 3130 2528 3186 fide
2556 3135 2758 3187 nostra
2775 3129 2982 3187 alienis
3012 3131 3123 3187 orti
3159 3135 3319 3201 sunt,
3355 3147 3471 3186 non
3512 3147 3690 3188 secus
3715 3133 3884 3188 dam-

478 3237 613 3277 num
649 3219 715 3277 ⁸⁸.
785 3221 898 3279 Nec
950 3222 1106 3277 enim
1166 3222 1564 3278 sanctimonia:
1619 3223 1854 3278 nomine
1909 3223 2120 3280 Paulus
2157 3281 2191 3292 Δ
2233 3219 2548 3286 nabuntur,
2582 3227 2756 3290 atque
2800 3223 3069 3292 parentes
3111 3235 3336 3287 eorum,
3364 3221 3467 3292 qui
3521 3221 3660 3276 illos
3704 3221 3886 3277 simul

479 3309 815 3366 cmlihatum
846 3310 1138 3381 intelligit,
1172 3311 1273 3366 sed
1303 3313 1635 3366 connubium
1680 3312 1914 3383 quidem
1950 3311 2117 3368 hono-
2150 3281 2192 3348 θ
2229 3311 2402 3378 atque
2460 3281 2579 3363 nati
2636 3281 2818 3376 sunt;
2856 3325 2888 3363 a
2945 3308 3239 3380 baptismo
3311 3281 3677 3376 ali-enarunt,
3736 3327 3884 3382 quos

479 3398 674 3463 rabile,
708 3403 888 3454 lorum
916 3413 1047 3452 vero
1081 3400 1504 3454 immaculatum
1556 3400 1733 3454 tradit
1780 3402 1860 3468 ιτς
1913 3416 2121 3472 quem-
2225 3397 2459 3467 quidem
2485 3397 2731 3454 Davides
2749 3397 2808 3454 in
2826 3397 3053 3468 judicio
3079 3397 3324 3453 minime
3349 3399 3886 3466 resurrecturos”,

483 3485 802 3542 admodum
835 3486 985 3540 Deus
1030 3502 1260 3556 quoque
1317 3488 1642 3557 praefinivit,
1695 3488 1940 3544 dicens:
2004 3490 2115 3545 Non
2226 3501 2412 3558 neque
2472 3487 2528 3540 in
2589 3486 2898 3542 consilium
2950 3487 3246 3557 justorum
3304 3490 3588 3542 venturos
3652 3488 3792 3544 ait:
3846 3488 3886 3544 ii

480 3580 562 3632 est
597 3575 801 3632 bonum
843 3575 1116 3630 hominem
1159 3591 1273 3630 esse
1312 3576 1510 3638 solum.
1555 3577 1826 3647 faciamus
1871 3578 1924 3632 ei
1961 3579 2120 3648 adju-
2222 3590 2372 3644 vero,
2417 3574 2514 3646 qui
2565 3574 2906 3646 parentibus
2951 3575 3146 3631 divino
3198 3575 3468 3631 intinctis
3517 3577 3885 3648 baptismate

492 1443 827 1515 operatione
877 1443 1044 1497 dives
1093 1445 1201 1508 est,
1254 1441 1326 1496 ab
1375 1439 1472 1494 illo
1529 1439 1730 1503 fertur,
1763 1453 1894 1493 cum
1940 1437 2138 1492 anima

492 1531 743 1602 denique
778 1531 906 1602 ipsa
925 1531 1322 1602 gubernatur:
1363 1529 1447 1583 vel
1496 1527 1640 1582 alias
1690 1541 1792 1598 per
1835 1525 2137 1596 spirituale

489 1619 633 1674 illud
674 1618 970 1690 intelligit,
1021 1618 1176 1688 quod
1223 1616 1580 1688 corruptioni
1628 1632 1742 1670 non
1793 1615 2132 1684 obnoxium,

483 2864 882 2921 contraxerint
925 2869 1222 2920 servatum
1274 2864 1344 2918 iri
1393 2864 1709 2920 affirmant.
1760 2863 2125 2936 Paulumque

485 2954 771 3010 mendacii
807 2954 897 3010 sui
930 2959 1134 3010 testem
1171 2955 1489 3025 proferunt,
1541 2955 1635 3009 ubi
1687 2955 1802 3010 ait:
1858 2955 1980 3011 Volo
2005 2971 2124 3011 om-

480 3059 576 3098 nes
606 3059 717 3099 esse
745 3043 887 3100 sicut
917 3052 968 3100 et
995 3060 1086 3114 ego
1114 3044 1179 3098 ⁸⁸.
1230 3045 1366 3099 item
1395 3060 1408 3098 ι
1460 3044 1773 3116 Sequimiui
1829 3045 2123 3101 sanctimo-

480 3131 636 3187 niam
663 3134 935 3202 corporis,
986 3147 1107 3188 sine
1153 3150 1261 3204 qua
1319 3149 1476 3189 nemo
1530 3135 1747 3189 visurus
1802 3142 1880 3190 est
1928 3133 2120 3191 Domi-

479 3669 683 3722 torium
711 3666 896 3722 simile
920 3664 1121 3738 ipsi“.
1170 3666 1275 3721 Sed
1335 3666 1544 3722 Paulus
1599 3667 1814 3724 Christi
1874 3670 2116 3742 vestigia

477 3759 732 3825 secutus,
765 3755 866 3826 qui
917 3755 1138 3824 primas
1188 3754 1506 3826 virginitati
1563 3756 1792 3823 detulit,
1853 3774 1985 3812 cum
2047 3775 2116 3814 ex

467 3845 705 3918 Virgine
725 3845 1047 3900 secundum
1073 3859 1304 3899 carnem
1325 3848 1497 3900 natus
1521 3849 1628 3911 est,
1660 3845 1958 3918 dixitque:
2009 3849 2116 3916 Qui

460 3939 632 4008 potest
659 3950 870 4007 capere,
899 3937 1083 4006 cupiat
1114 3933 1202 3989 ‘9:
1265 3934 1501 4006 nuptias
1557 3950 1781 4006 quoque
1825 3936 2112 4008 legitimas

461 4043 590 4082 esse
621 4027 809 4096 docet,
841 4026 1038 4094 eisiue
1076 4024 1470 4098 virginitatem
1532 4027 1781 4096 praefert,
1817 4027 2008 4098 seipso
2048 4029 2107 4085 in

459 4115 790 4186 exemplum
821 4115 1141 4186 proposito,
1165 4115 1258 4185 qui
1295 4114 1640 4170 Pharisaice
1686 4116 1812 4172 vitae
1845 4117 2104 4190 regulam

457 4211 818 4276 sequeretur,
851 4220 980 4274 qua
1036 4204 1188 4258 inter
1252 4206 1460 4259 czetera
1515 4203 1800 4260 hereseos
1859 4222 1982 4261 sum
2011 4223 2105 4262 as-

454 4290 639 4348 seclas
665 4310 696 4346 a
728 4292 962 4347 feminis
996 4290 1284 4347 abstinere
1309 4292 1578 4361 jubebat.
1625 4292 1800 4363 Atqui
1845 4294 2104 4365 corporis

449 4381 843 4437 sanctimonia
912 4380 1161 4436 femineo
1243 4380 1558 4435 concubitu
1643 4380 2100 4454 haudquaquam

448 4469 974 4536 circumscribitur,
1007 4469 1108 4524 sed
1141 4467 1346 4524 latiore
1398 4467 1702 4524 intellectu
1756 4475 1946 4542 patet:
1983 4488 2100 4543 quo

453 4557 698 4612 Paulina
730 4574 963 4628 quoque
1011 4557 1186 4612 verba
1240 4557 1577 4628 accipienda
1625 4563 1782 4628 sunt,
1829 4561 1927 4630 qui
1975 4563 2096 4632 ple-

2220 3663 2340 3718 nati
2371 3670 2530 3734 sunt,
2564 3666 2848 3736 aquisque
2879 3664 3221 3721 lustralibus
3267 3671 3526 3721 veterem
3583 3675 3881 3723 exuerunt

2219 3752 2539 3822 hominem,
2569 3753 2802 3809 tametsi
2853 3755 3082 3810 coronis
3130 3754 3215 3809 illi
3265 3755 3597 3826 privantur,
3652 3757 3881 3826 quibus

2215 3843 2470 3898 redimiti
2511 3847 2650 3899 sunt
2679 3842 2931 3911 athletae,
2966 3860 3080 3900 non
3113 3844 3240 3900 sine
3272 3845 3561 3916 sanguine
3591 3855 3646 3900 et
3675 3847 3876 3900 sudo-

2215 3929 2398 3998 ribus,
2449 3931 2548 4002 qui
2596 3932 2656 3987 in
2715 3931 3058 4003 huiusmodi
3108 3933 3526 3988 certaminibus
3569 3931 3876 3990 exantlari

2212 4020 2426 4087 solent,
2449 4021 2649 4093 requie
2697 4026 2892 4077 tamen
2943 4021 3045 4077 illa
3082 4038 3199 4078 non
3230 4021 3525 4085 excidunt,
3556 4038 3673 4094 qua
3704 4021 3877 4078 beati

2207 4109 2507 4176 fruuntur,
2541 4126 2667 4182 qua
2699 4111 2933 4182 quidem
2982 4110 3043 4166 in
3095 4110 3311 4168 multas
3353 4117 3410 4166 et
3451 4111 3640 4166 varias
3691 4129 3877 4168 man-

2209 4198 2402 4255 siones
2423 4198 2621 4256 divina
2640 4209 2747 4257 cst.
2771 4200 2894 4257 Non
2916 4200 3072 4257 enim
3093 4217 3164 4257 ex
3208 4202 3494 4272 professo,
3525 4207 3587 4256 et
3604 4202 3879 4259 melioris

2206 4289 2508 4344 sententias
2549 4287 2982 4358 immutatione,
3037 4291 3139 4346 sed
3191 4291 3623 4354 extemporaria
3666 4293 3880 4362 potius

2204 4377 2546 4434 certaminis
2588 4379 3032 4451 interruptione,
3085 4379 3350 4452 martyrii
3395 4380 3682 4435 effectum
3743 4398 3879 4452 per-

2203 4465 2497 4522 diderunt.
2527 4469 2673 4532 Quia
2704 4485 2838 4524 vero
2888 4469 3064 4540 primi
3109 4474 3382 4542 parentes
3433 4469 3493 4524 in
3542 4469 3677 4542 ipso
3728 4471 3878 4527 ﬂora

2201 4556 2387 4610 aetatis
2408 4556 2711 4613 confestim
2734 4557 2794 4613 in
2819 4559 3105 4614 mundum
3130 4558 3398 4630 producti
3451 4563 3616 4614 sunt.
3650 4559 3880 4616 Resur-

445 4645 804 4717 risquelocis
823 4645 1208 4716 Epistolarum
1261 4651 1458 4701 monet
1478 4645 1546 4712 ⁷ο,
1579 4647 1736 4702 utab
1779 4647 2090 4722 adulterio,
2124 4637 2168 4702 D
2205 4643 2480 4700 rectionis
2537 4650 2728 4701 autem
2776 4645 2827 4702 is
2883 4663 3089 4717 scopus
3119 4657 3171 4704 et
3216 4647 3352 4702 finis
3373 4652 3487 4714 est,
3520 4654 3593 4702 ut
3644 4655 3871 4706 natura

443 4733 850 4800 fornicatione,
885 4733 1122 4800 invidia,
1156 4733 1536 4801 detractione,
1591 4735 1916 4802 mendacio,
1961 4755 2086 4808 per-

432 4821 616 4894 jurio,
647 4821 906 4894 crapuia,
939 4827 996 4878 et
1055 4823 1277 4878 caeteris
1336 4823 1553 4893 peccati
1609 4824 1916 4881 vestibulis
1960 4827 2089 4897 puri

437 4913 645 4970 simus.

506 5002 652 5059 Nam
688 5002 736 5059 si
766 5001 979 5059 anilem
1015 5001 1264 5056 Hieracae
1295 4999 1666 5056 traditionem
1727 5002 1910 5058 secuti
1955 5005 2082 5075 qui-

436 5109 668 5164 cunque
725 5091 938 5149 Christi
1004 5091 1240 5148 uomine
1297 5093 1631 5157 censentur,
1682 5107 1715 5146 a
1768 5091 2080 5151 mulierum

435 5181 734 5254 complexu
761 5181 1146 5250 abstinerent,
1170 5195 1373 5236 omnes
1406 5178 1478 5234 ad
1521 5195 1701 5234 unum
1750 5195 1868 5236 una
1898 5181 1955 5236 in
1988 5198 2082 5254 ge-

2200 4731 2459 4788 humana
2490 4735 2561 4789 ad
2596 4737 2896 4805 antiquam
2946 4734 3107 4791 illam
3156 4735 3484 4806 primorum
3538 4745 3870 4806 parentum

2199 4821 2607 4878 formationem
2641 4829 2960 4893 revocetur,
2993 4825 3209 4882 idcirco
3257 4833 3314 4881 et
3359 4825 3464 4896 qui
3512 4827 3691 4882 senio
3725 4843 3867 4884 con-

2196 4910 2334 4966 feoti
2363 4916 2524 4978 sunt,
2555 4917 2612 4968 et
2649 4913 2749 4984 qui
2781 4913 2868 4970 vel
2891 4914 3060 4970 cunis
3085 4914 3142 4970 in
3187 4914 3334 4987 ipsis
3381 4915 3645 4970 animam
3683 4916 3867 4972 exha-

2193 4998 2338 5068 lant,
2369 5002 2569 5056 eadem
2593 5003 2781 5058 etatis
2818 5019 3095 5060 mensura
3131 5007 3456 5072 resurgent,
3491 5019 3604 5059 nec
3649 5014 3868 5060 natura

2192 5089 2276 5144 eis
2306 5089 2378 5145 ob
2412 5091 2835 5162 magnitudinis
2865 5092 3260 5149 diversitatem
3293 5091 3751 5149 immutahitnr.

2811 5197 2968 5254 CAP.
3007 5197 3218 5254 XXXV.

431 5273 732 5376 Πεῆξθίίοηθ
784 5273 1199 5375 deﬁcerem?“
1236 5268 1664 5376 nemoquefibi
1701 5271 2077 5342 δυρθτδίίίθω
2190 5300 2478 5358 Tricesima
2507 5303 2701 5374 quinta
2747 5301 2998 5370 haeresis,
3036 5303 3587 5376 (ollyridianorum.
3633 5307 3713 5360 Hi
3761 5322 3864 5360 aa-

432 5362 758 5436 relinquere
785 5369 1040 5433 curaret,
1077 5363 1126 5420 si
1179 5377 1378 5418 revera
1434 5361 1658 5416 cultum
1709 5377 1773 5419 se
1803 5369 2078 5434 praestare

427 5453 677 5509 Domino
705 5452 1083 5526 intelligeret.

498 5538 658 5596 Idem
707 5541 1109 5599 Melchisedeci
1163 5541 1400 5597 nomine
1450 5540 1812 5596 Paracletum
1862 5542 2075 5602 intelli-

493 5653 594 5730 ‘5}
630 5655 758 5730 gor.
789 5672 882 5721 vn,
911 5660 967 5730 Ἰ.
1124 5657 1294 5730 llebr.
1330 5674 1432 5727 xu,
1453 5657 1486 5730 _l
1501 5657 1553 5713 4.
1615 5655 1678 5730 37
1699 5658 1883 5730 βεδε.
1917 5678 2043 5730 χιιι,
2075 5665 2129 5722 4.

423 5725 477 5782 3.
554 5722 595 5757 τί
631 5723 741 5778 Isa.
765 5738 883 5791 Lm,
911 5727 965 5778 8.
1042 5725 1088 5760 ⁷³
1122 5727 1142 5780 l
1176 5727 1301 5781 Cor.
1336 5722 1427 5797 κιρ
1446 5728 1537 5782 23.
1615 5726 1662 5762 ⁷³
1693 5728 1843 5785 Psal.
1879 5747 1921 5800 ι,
1952 5734 2006 5791 5.

2259 5462 2784 5533 Collyridianorum
2808 5481 3045 5537 quoque
3071 5465 3306 5522 heresis
3327 5466 3385 5521 in
3409 5466 3638 5523 Arabia
3673 5466 3864 5541 pullu-

2187 5549 2345 5619 lavit,
2369 5551 2540 5608 initio
2582 5569 2616 5609 a
2654 5553 3010 5626 quibusdam
3031 5553 3593 5612 feminise'l‘hracia
3631 5563 3697 5612 et
3729 5557 3859 5627 Scy-

2216 5665 2270 5702 ⁸⁸
2297 5668 2438 5726 Gen.
2473 5687 2534 5742 ιι,
2573 5671 2657 5728 i8.
2753 5669 2802 5705 ‘9
2825 5671 3030 5729 Matth.
3056 5689 3177 5744 xix,
3209 5673 3296 5728 12.
3390 5673 3438 5708 ⁷ο
3470 5673 3745 5732 IThess.
3779 5692 3853 5745 iv,
