4090 6192
278 322 443 385 1329

1632 316 2036 381 THESAURI
2081 316 2230 377 LIB.
2277 317 2382 377 IV.

3537 318 3693 383 i330

275 458 399 514 thia
430 454 733 527 superiore
764 452 1030 509 oriundis
1052 455 1309 523 sumpto.
1346 453 1413 507 Hi
1472 453 1692 522 majore
1749 466 1926 521 quam
1962 451 2011 516 Α
2044 454 2133 505 est
2186 453 2459 505 voventes
2518 453 2619 505 aut
2674 451 2979 520 precantes
3059 450 3411 523 significant.
3474 450 3692 509 Docent

275 564 382 621 par
409 549 564 601 esset
596 543 814 599 honore
875 545 1135 597 sanctam
1189 540 1292 597 Dei
1350 542 1702 597 Genitricem
1736 556 1927 613 prose-

274 643 547 708 quentes,
581 649 709 690 eam
739 632 834 688 Dei
865 631 1117 699 nomine,
1161 636 1218 687 et
1275 631 1432 687 cultu
1487 635 1694 703 praeter
1750 629 1923 686 ratio-

272 742 404 782 nem
462 724 884 796 dignabantur,
944 720 1298 791 feminisque
1362 719 1507 791 ipsis
1586 720 1774 775 eidem
1834 737 1923 774 sa-

268 831 365 872 cra
396 814 608 879 facere,
640 817 819 882 atque
853 809 1207 865 sacriﬁcium
1241 814 1521 882 tanquam
1559 814 1668 865 Deo
1715 808 1920 864 offerre

267 901 689 977 permittebant
718 917 730 955 :
765 916 895 970 quae
926 898 1168 969 quidem
1204 897 1428 953 feminae
1458 914 1633 953 curru
1678 913 1781 952 seu
1830 913 1921 952 ve-

267 991 464 1049 hiculo
523 991 834 1054 instructo,
892 986 1133 1043 linteum
1194 986 1663 1059 quadrangulum
1706 986 1918 1058 pande-

266 1083 431 1148 bant,
465 1080 557 1136 cui
583 1076 910 1150 collyridia,
942 1092 1047 1133 seu
1079 1093 1320 1148 parvum
1356 1092 1557 1149 panem
1608 1077 1916 1147 imponen-

268 1176 375 1236 tes,
407 1170 462 1225 in
499 1167 735 1225 nomine
770 1166 958 1223 Mariae
993 1182 1226 1222 sursum
1278 1165 1580 1235 tollebant,
1624 1171 1794 1236 atque
1833 1165 1915 1221 ita

260 1275 329 1315 ex
358 1275 425 1313 eo
483 1254 1005 1312 communicabant
1053 1269 1275 1319 omnes,
1332 1257 1389 1309 et
1437 1252 1570 1308 aliis
1620 1252 1914 1324 impertie-

261 1348 504 1405 bantur.

571 1440 851 1492 Egressus
876 1432 1243 1504 precedenu':
1271 1434 1598 1503 con/utalia.

332 1527 456 1584 Non
490 1525 617 1581 sine
649 1540 865 1595 magna
895 1522 1066 1579 laude
1108 1522 1357 1578 virtutes
1400 1521 1740 1577 nominibus
1786 1536 1905 1577 me-

259 1614 634 1671 diocritatum
668 1612 985 1683 designatis
1026 1618 1210 1679 sunt;
1270 1626 1543 1667 excessus
1601 1613 1793 1666 autem
1850 1616 1908 1666 et

257 1703 520 1758 defectus
553 1718 654 1773 pro
686 1700 919 1756 honesti
946 1699 1511 1772 transgressionibus
1568 1703 1625 1756 et
1671 1700 1903 1771 optima:

2038 538 2195 593 enim
2224 538 2368 593 nihil
2400 537 2559 594 aliud
2594 538 2663 594 ad
2697 539 2992 594 daemonas
3022 540 3687 610 eﬂ'ugandos,animam-

2036 643 2150 698 que
2226 644 2259 682 a
2335 628 2532 700 pravis
2588 628 2892 684 affectibus
2945 629 3342 695 asserendam,
3406 631 3685 688 orationis

2034 717 2467 788 perseverantia
2523 716 2820 773 efficacius
2878 733 3027 774 esse.
3089 718 3269 773 Iidem
3320 719 3685 791 Euphemitae

2033 806 2402 876 quoque,hoc
2434 810 2524 862 est
2556 806 2744 861 fausta
2776 811 3101 877 precantes,
3135 824 3235 863 seu
3269 824 3365 863 ore
3397 808 3677 878 faventes,

2028 892 2170 948 item
2204 893 2564 966 Martyriani,
2598 900 2656 949 et
2687 894 2989 950 Sataniani
3020 896 3679 968 dicuntur.Euphemilaa

2028 983 2293 1055 quidem,
2327 985 2465 1055 quia
2498 985 2740 1049 caeteris,
2777 986 2997 1042 orando
3024 990 3080 1042 et
3108 986 3505 1043 benedicendo
3537 994 3675 1057 Deo,

2025 1073 2449 1130 exercitatiores
2502 1089 2627 1128 esse
2679 1074 2998 1143 videntur;
3064 1075 3397 1144 Martyriani
3458 1082 3674 1149 autem,

2023 1162 2161 1233 quia
2181 1178 2250 1217 ex
2273 1162 2396 1218 suis
2420 1162 2731 1219 nonnullos
2754 1164 2825 1219 ab
2848 1164 3187 1220 orthodoxis
3210 1165 3434 1222 occisos
3455 1171 3671 1239 marty—

2022 1250 2185 1306 ribus
2209 1252 2909 1308 accenserent.Sataniani
2930 1253 3202 1324 denique,
3227 1253 3365 1325 quia
3391 1254 3668 1313 Satanam

2021 1340 2231 1396 fortem
2255 1340 2663 1397 existimantes
2694 1358 2827 1397 eum
2864 1342 3389 1410 venerabantur,ne
3430 1343 3582 1401 mala
3609 1346 3667 1401 in

2018 1428 2124 1493 eis,
2159 1433 2224 1484 ut
2253 1429 2544 1498 dicebant,
2580 1435 2939 1501 operaretur.

2088 1516 2577 1573 Massalianorum
2607 1535 2777 1589 porro
2817 1518 3103 1576 haereseos
3126 1522 3316 1593 capita
3362 1539 3431 1579 ex
3461 1538 3662 1581 eorum

2014 1604 2181 1661 libris
2213 1610 2481 1676 excerpta
2512 1606 2632 1660 haec
2661 1610 2821 1662 sunt.

2088 1695 2137 1749 1.
2170 1694 2329 1760 Quod
2361 1698 2607 1750 Satanas
2665 1694 3121 1767 enhypostatice,
3169 1697 3278 1752 hoc
3331 1704 3420 1754 est
3464 1716 3661 1757 revera

255 1795 466 1863 cuique
496 1792 710 1848 actioni
743 1790 1050 1846 contrariis
1077 1806 1306 1861 semper
1346 1789 1528 1845 habiti
1586 1793 1744 1846 sunt.
1778 1790 1896 1846 Etsi
1926 1822 1975 1887 Β
2011 1782 2237 1838 homini
2268 1783 2579 1851 cohabitet,
2615 1784 2779 1855 eique
2810 1784 2869 1838 in
2891 1785 3169 1841 omnibus
3197 1785 3547 1843 dominetur.

254 1882 411 1939 enim
444 1881 649 1936 iisdem
706 1881 764 1935 in
812 1880 1036 1936 aedibus
1094 1879 1380 1946 habitant,
1440 1883 1504 1935 ut
1560 1879 1642 1935 ita
1679 1880 1896 1949 dicam,

246 1971 488 2041 aliisque
512 1970 644 2026 aliis
675 1970 1018 2039 inhaereant,
1042 1985 1156 2025 non
1188 1972 1381 2025 tamen
1413 1968 1629 2025 idcirco
1661 1968 1899 2025 actioni-

245 2061 358 2118 bus
390 2062 538 2116 inter
568 2078 630 2117 se
660 2061 1033 2117 conveniunt.

316 2151 564 2208 Proinde
594 2151 693 2222 qui
723 2150 920 2206 divino
953 2150 1189 2205 Numini
1220 2149 1443 2205 cultum
1473 2149 1753 2220 majorem
1778 2150 1895 2205 im-

246 2242 481 2314 pendet,
514 2257 689 2311 quam
711 2257 816 2310 par
830 2243 939 2307 est,
972 2255 1268 2311 quamque
1296 2256 1328 2296 a
1349 2238 1462 2311 piis
1486 2237 1623 2294 viris
1648 2254 1884 2310 accepe-

245 2330 339 2401 rit,
372 2331 828 2402 haudquaquam
862 2334 977 2385 Deo
1029 2333 1301 2400 acceptus
1348 2328 1478 2393 erit,
1511 2335 1611 2383 aut
1643 2328 1891 2384 salutem

241 2419 350 2476 hoc
384 2425 548 2491 pacto
575 2422 984 2490 consequetur,
1026 2417 1256 2474 etiamsi
1292 2433 1509 2489 corpus
1546 2418 1889 2474 ctmburen-

237 2510 377 2565 dum
409 2509 860 2577 tradat,etiamsi
876 2509 1029 2564 bona
1046 2524 1154 2564 sua
1166 2507 1522 2579 pauperibus
1544 2507 1883 2574 distribuat,

238 2599 355 2655 imo
381 2616 452 2654 ne
476 2615 754 2671 magnum
780 2597 1012 2669 quidem
1043 2597 1182 2670 quid
1238 2597 1444 2653 fecisse
1485 2598 1734 2665 dicetur,
1779 2597 1881 2670 qui

235 2689 307 2744 ad
333 2690 603 2744 virtutem
634 2688 749 2743 alia
777 2686 869 2742 via
897 2686 1242 2759 aspiraverit
1271 2703 1449 2759 quam
1484 2704 1614 2759 quae
1665 2685 1889 2744 caelico-

236 2778 313 2834 lis
345 2778 616 2833 arrideat.

314 2863 527 2934 Siquis
555 2864 709 2920 enim
746 2863 961 2936 jejunii
1018 2863 1169 2920 vires
1225 2879 1324 2921 eas
1381 2880 1509 2920 esse
1565 2865 1791 2931 doctus,
1824 2871 1888 2921 ut

237 2970 447 3025 pravos
487 2953 726 3009 aﬂ‘ectus
755 2954 823 3009 de
856 2953 1048 3009 medio
1080 2952 1267 3019 tollat,
1300 2969 1517 3024 eosque
1563 2954 1883 3025 ingeneret,

233 3042 335 3113 qui
375 3040 773 3097 mediocritate
818 3059 927 3098 sua
983 3040 1301 3097 laudabiles
1353 3041 1492 3105 sint,
1526 3058 1654 3097 eam
1696 3042 1882 3098 conti-

231 3130 489 3186 nentiam
523 3129 682 3185 nullo
722 3132 894 3186 modo
925 3129 1303 3202 prosequitur
1340 3135 1398 3185 et
1455 3129 1682 3197 excolit,
1712 3132 1880 3201 cujus

225 3232 467 3289 capaces
490 3217 756 3273 homines
802 3234 928 3274 esse
963 3222 1200 3288 queant,
1256 3217 1355 3272 sed
1411 3216 1589 3272 frenis
1630 3217 1756 3288 ejus
1790 3234 1879 3273 ex-
1911 3183 1953 3249 Ο

225 3306 437 3371 oussis,
471 3306 655 3361 nimia
686 3305 1083 3362 imbecillitate
1128 3322 1338 3377 corpus
1382 3306 1723 3374 attenuarit,
1755 3309 1878 3363 ani-

224 3411 503 3466 mamque
533 3396 612 3450 ita
644 3394 967 3450 miserrime
996 3395 1231 3450 tandem
1265 3394 1564 3461 efflaverit,
1617 3394 1873 3468 seipsum

224 3484 418 3555 potius
442 3484 748 3549 occidisse,
768 3499 946 3552 quam
965 3483 1194 3553 jejunio
1218 3499 1350 3538 cum
1373 3482 1596 3555 angelis
1619 3488 1873 3541 certasse

218 3571 537 3628 videbitur.
571 3571 1072 3634 Quemadmodum
1108 3587 1296 3643 neque
1338 3578 1578 3645 martyr,
1629 3574 1729 3629 sed
1781 3574 1870 3630 sui

222 3658 411 3732 ipsius
446 3660 783 3714 interfector
813 3660 1169 3728 censebitur,
1202 3675 1387 3731 neque
1429 3660 1735 3718 sanctitate
1775 3661 1872 3718 illa

220 3748 432 3820 dignus
464 3747 795 3813 habebitur,
818 3765 935 3819 qua
956 3747 1157 3804 fideles
1200 3749 1464 3805 exornari
1494 3749 1706 3821 solent,
1739 3750 1867 3823 qui-

217 3854 452 3907 cunque
477 3838 737 3910 gladium
798 3838 856 3893 in
916 3837 1139 3893 viscera
1199 3839 1429 3912 propria
1476 3841 1862 3907 distrinxerit,

217 3929 387 4000 quasi
418 3926 528 3982 hoc
561 3932 724 3997 pacto
758 3944 861 3998 pro
892 3926 1105 3983 Christi
1140 3928 1377 3986 nomine
1400 3934 1647 3984 mortem
1694 3931 1860 3997 ferat,

214 4025 277 4074 ut
329 4016 680 4088 martyribus
738 4020 1133 4071 accenseatur.
1195 4016 1406 4073 Eodem
1465 4018 1639 4073 etiam
1697 4019 1865 4074 modo

212 4108 590 4181 Collyridiani
617 4110 743 4178 ejus
766 4113 921 4163 certe
945 4108 1104 4173 fidei,
1128 4108 1551 4179 quaChristum
1583 4125 1864 4164 veneran-

213 4204 317 4256 tur
336 4214 472 4271 ergo
495 4198 865 4270 amplexandi
914 4202 1088 4254 sunt:
1140 4198 1292 4268 quod
1327 4213 1460 4252 vero
1483 4198 1581 4253 Dei
1620 4198 1865 4254 Genitri-

213 4304 343 4346 cem
374 4293 550 4343 Deum
576 4287 929 4355 existiment,
959 4286 1129 4357 eique
1168 4302 1335 4342 sacra
1383 4286 1618 4357 faciant,
1670 4304 1859 4344 sacer-

212 4378 445 4435 dotibus
479 4377 713 4433 feminis
746 4377 814 4433 ad
848 4376 902 4431 id
934 4374 1262 4444 destinatis,
1298 4376 1512 4447 quibus
1542 4393 1611 4431 ne
1646 4377 1861 4448 templa

209 4467 451 4541 quidem
483 4470 722 4521 omnino
754 4468 974 4536 patent,
1008 4468 1243 4536 propter
1273 4466 1474 4520 sordes
1532 4464 1682 4532 illas,
1714 4483 1858 4539 quas

2075 1875 2132 1929 2.
2165 1873 2326 1937 Quod
2377 1873 2625 1928 Satanas
2675 1877 2731 1929 et
2794 1874 3090 1930 daemones
3146 1874 3471 1931 humanum
3525 1877 3652 1932 ani-

2004 1976 2167 2016 mum
2203 1960 2562 2033 possideant,
2597 1960 2973 2033 humanaque
3027 1964 3167 2019 adeo
3228 1969 3437 2020 natura
3479 1966 3652 2037 spiri-

2002 2051 2170 2104 tuum
2204 2048 2471 2119 nequitiae
2502 2065 2741 2106 consors
2772 2054 2828 2106 et
2857 2050 3048 2107 socius
3081 2051 3176 2107 sit.

2074 2138 2126 2192 3.
2159 2137 2322 2201 Quod
2354 2138 2602 2194 Satanas
2631 2143 2687 2193 et
2715 2138 2968 2210 Spiritus
3000 2145 3241 2195 sanctus
3274 2141 3495 2196 homini
3557 2158 3651 2197 co-

2001 2227 2289 2293 habitent,
2323 2228 2596 2299 quodque
2652 2245 2722 2283 ne
2770 2228 3019 2300 apostoli
3074 2230 3310 2301 quidem
3342 2250 3373 2288 a
3414 2237 3651 2287 contra-

1995 2317 2082 2372 ria
2110 2317 2365 2389 energia,
2411 2333 2508 2373 seu
2559 2317 2892 2373 damonum
2953 2323 3259 2390 potestate,
3304 2319 3468 2376 liberi
3525 2321 3651 2377 fue-

1997 2405 2133 2462 rint.

2067 2506 2120 2560 4.
2152 2504 2315 2568 Quod
2372 2521 2557 2575 neque
2604 2505 2926 2577 baptismus
2977 2506 3275 2564 hominem
3328 2509 3649 2580 perfectum

1995 2594 2225 2657 reddat.
2263 2611 2451 2666 neque
2496 2594 2825 2651 divinorum
2888 2597 3297 2668 mysteriorum
3356 2599 3650 2671 perceptio

1994 2683 2249 2739 animam
2284 2690 2582 2756 expurget,
2615 2685 2714 2739 sed
2749 2686 2894 2750 sola,
2928 2702 3054 2756 quae
3104 2688 3176 2741 ab
3226 2686 3346 2743 illis
3375 2692 3648 2744 censetur

1994 2771 2201 2828 oratio.

2064 2876 2116 2926 5.
2151 2872 2311 2937 Quod
2346 2872 2540 2940 homo,
2584 2873 2758 2929 etiam
2807 2879 2939 2945 post
2994 2874 3377 2946 baptismum,
3410 2880 3643 2948 peccato

1991 2960 2327 3031 inquinatus
2350 2970 2457 3031 est,
2492 2964 2767 3034 quodque
2797 2981 2907 3018 non
2945 2964 3236 3036 baptismi,
3269 2966 3369 3021 sed
3429 2966 3641 3022 oratio-

1992 3048 2083 3104 nis
2118 3049 2395 3105 beneﬁcio
2430 3050 2551 3115 fiat,
2584 3055 2649 3105 ut
2683 3051 2872 3108 fidelis
2904 3052 3220 3107 immortali
3255 3052 3355 3107 illa
3398 3059 3454 3109 et
3484 3054 3639 3109 divi-

1994 3153 2070 3192 na
2101 3145 2262 3194 veste
2295 3140 2536 3195 fruatur.

2060 3228 2114 3282 6.
2150 3228 2313 3293 Quod
2336 3229 2725 3300 amplexanda
2768 3233 2857 3285 est
2904 3230 3162 3301 apathia,
3216 3231 3321 3287 hoc
3367 3236 3457 3288 est
3507 3249 3636 3304 per-

1990 3316 2389 3373 turbationum
2421 3318 2702 3384 vacuitas,
2731 3319 3002 3390 quodque
3033 3320 3277 3391 spiritus
3308 3323 3636 3377 communi-

1986 3406 2137 3461 catio
2165 3422 2340 3461 sensu
2374 3411 2432 3461 et
2464 3423 2666 3477 reapse
2698 3407 3070 3478 percipienda
3099 3408 3193 3463 sit.

2054 3495 2110 3549 7.
2144 3496 2306 3559 Quod
2342 3496 2541 3550 anima
2573 3496 2673 3551 tali
2715 3497 2968 3552 ccelestis
3020 3497 3203 3569 hujus
3252 3502 3451 3571 sponsi
3507 3519 3639 3557 con-

1984 3584 2167 3639 sortio
2209 3584 2320 3639 frui
2360 3585 2585 3655 debeat,
2622 3585 2778 3657 quali
2814 3590 2939 3641 tum
2975 3587 3190 3643 fruitur
3221 3605 3365 3644 uxor
3407 3606 3542 3645 cum
3574 3593 3633 3645 in

1982 3671 2089 3728 viri
2124 3670 2487 3744 amplexibus
2518 3673 2688 3743 jacet.

2052 3761 2103 3814 8.
2139 3760 2299 3824 Quod
2334 3760 2433 3832 qui
2466 3760 2683 3833 Spiritu
2718 3767 2991 3833 aguntur,
3055 3766 3353 3833 peccatum
3400 3768 3455 3818 et
3495 3780 3628 3835 gra-

1982 3848 2147 3913 tiam,
2176 3853 2297 3904 tam
2331 3858 2628 3920 operatam
2659 3865 2836 3921 quam
2878 3855 3234 3919 operantem,
3296 3851 3542 3909 interius
3573 3858 3628 3908 et

1978 3937 2234 3992 exterius
2258 3938 2515 3995 videant.

2049 4028 2099 4078 9.
2130 4025 2285 4088 Quod
2325 4026 2593 4080 revelatio
2624 4025 2722 4093 sit,
2783 4042 2909 4098 qua:
2970 4042 3148 4082 sensu
3206 4033 3263 4085 et
3294 4029 3490 4087 divina
3521 4032 3627 4105 hy—

1978 4114 2202 4184 postasi
2234 4113 2359 4179 ﬁat,
2392 4113 2584 4184 qualis
2617 4122 2701 4168 est
2732 4114 3037 4171 haereseos.

2052 4202 2138 4255 10.
2173 4202 2338 4268 Quod
2371 4203 2521 4273 ignis
2555 4203 2666 4256 vim
2702 4206 3145 4275 procreatricem
3180 4206 3413 4264 habeat.

2050 4291 2135 4347 11.
2165 4292 2325 4356 Quod
2356 4292 2569 4360 anima,
2620 4310 2747 4364 quae
2800 4293 3097 4350 Christum
3150 4313 3326 4354 sensu
3366 4303 3422 4353 et
3463 4302 3622 4356 omni

1975 4381 2307 4451 operatione
2345 4399 2458 4437 non
2494 4382 2689 4451 habet,
2742 4383 3038 4455 reptilium
3099 4392 3154 4442 et
3200 4396 3619 4445 venenatorum

1974 4470 2341 4537 animalium,
2369 4472 2477 4528 hoc
2506 4479 2591 4527 est
2623 4473 2815 4528 omnis
2873 4475 3174 4529 contrariae
3231 4476 3485 4546 virtutis,
3514 4478 3617 4535 ha-

209 4555 327 4613 sibi
357 4572 390 4610 a
423 4559 634 4609 natura
661 4552 1249 4618 contraxerunt,sacri
1273 4569 1514 4625 prorsus
1532 4559 1590 4608 et
1622 4556 1865 4611 intesta-
1897 4549 1940 4612 D
1972 4559 2293 4616 bitaculum
2322 4566 2428 4617 est.

208 4643 421 4701 bilesa
479 4642 751 4699 tidelibus
808 4641 1062 4697 habendi
1119 4646 1309 4697 sunt:
1368 4657 1475 4699 nec
1533 4644 1854 4716 quidquam

207 4731 360 4788 lucri
394 4731 602 4787 animae
634 4749 773 4799 suae,
810 4746 934 4786 meo
965 4732 1201 4802 quidem
1236 4732 1485 4803 judicio,
1544 4733 1860 4805 acquirunt

209 4838 281 4879 ex
314 4822 386 4878 iis
413 4838 536 4893 qua:
568 4822 997 4893 quadamtenus
1028 4822 1118 4892 pie
1168 4837 1365 4893 gerere
1422 4820 1711 4879 videntur.
1759 4824 1861 4880 Illa

204 4910 365 4966 enim
399 4914 632 4982 propter
662 4910 910 4966 aliorum
953 4910 1462 4982 improbationem,
1512 4912 1673 4967 irrita
1722 4928 1862 4984 quo-

202 5016 322 5072 que
352 5005 409 5055 et
441 5017 678 5071 prorsus
713 4999 1518 5067 inutiliaevadent.Quoniam
1540 5002 1640 5074 qui
1674 5020 1856 5060 unum

200 5088 355 5161 legis
388 5090 730 5144 mandatum
763 5089 1177 5159 antiquaverit,
1212 5090 1291 5145 ita
1335 5091 1758 5149 condemnatur
1791 5111 1856 5149 ac

199 5176 253 5233 si
286 5180 466 5233 totam
500 5176 684 5247 legem
722 5180 1133 5249 transgressus
1163 5182 1336 5234 esset.

803 5282 962 5340 CAP.
998 5282 1244 5338 XXXVI.

198 5371 508 5429 Triceu'ma
555 5376 713 5428 sexta
758 5371 999 5439 haeresis,
1049 5372 1535 5440 Massalianorum,
1585 5375 1701 5432 sive
1750 5382 1853 5435 Eu-

264 5444 700 5519 chgz'tarum_.ﬂHi_
746 5448 1052 5514 unguntur,
1113 5448 1172 5498 ut
1248 5445 1588 5519 quibusdam
1653 5448 1849 5519 placet,

262 5516 367 5585 vel,
404 5525 460 5570 ut
489 5516 649 5584 aliis,
684 5516 1059 5587 baptimntur,
1111 5516 1259 5587 quod
1309 5517 1541 5586 quidem
1600 5516 1847 5590 praestat.

266 5621 611 5680 Massaliani
643 5622 771 5695 ipsa
802 5621 1099 5679 notatione
1132 5622 1390 5681 nominis
1420 5625 1846 5697 Euchitas,hoc

2044 4649 2129 4704 12.
2165 4650 2329 4717 Quod
2360 4660 2569 4707 natura
2606 4653 2893 4709 malorum
2928 4655 3055 4711 fons
3081 4660 3137 4711 et
3166 4656 3327 4730 origo
3362 4658 3459 4715 sit.

2044 4742 2126 4795 13.
2160 4740 2320 4805 Quod
2360 4742 2540 4799 Maria
2584 4749 2638 4799 et
2687 4761 2886 4801 semen
2946 4751 3001 4801 et
3043 4748 3288 4804 Verbum
3334 4766 3612 4822 concepe-

1971 4829 2064 4885 rit.

2041 4919 2127 4973 14.
2162 4920 2322 4985 Quod
2356 4920 2639 4989 Adamus,
2665 4922 2837 4978 etiam
2883 4928 3014 4979 ante
3070 4928 3612 4998 transgressionem,

1968 5025 2101 5065 cum
2138 5008 2248 5065 Eva
2296 5008 2440 5065 citra
2490 5010 2668 5067 ullam
2719 5012 2895 5068 animi
2946 5015 3437 5085 perturbationem
3480 5032 3619 5071 con-

1966 5098 2286 5155 cumberet.

2038 5190 2124 5244 15.
2158 5188 2318 5252 Quod
2355 5190 2575 5246 homini
2609 5191 2736 5245 duae
2771 5191 2891 5246 sint
2921 5192 3152 5262 animm,
3186 5210 3437 5265 quarum
3471 5195 3617 5252 alte-

1966 5294 2030 5333 ra
2060 5278 2283 5334 caeteris
2312 5278 2655 5335 hominibus
2684 5281 3039 5348 communis,
3074 5282 3253 5339 altera
3284 5284 3615 5343 coelestibus

1964 5366 2200 5438 propria
2234 5367 2325 5422 sit.

2038 5456 2119 5509 16.
2155 5457 2314 5520 Quod
2350 5458 2473 5512 fieri
2507 5460 2716 5531 possit,
2776 5465 2838 5515 ut
2883 5460 3056 5517 homo
3116 5477 3316 5533 sensu,
3364 5462 3473 5520 hoc
3523 5472 3612 5522 est

1961 5560 2185 5615 reapse,
2214 5549 2270 5601 et
2303 5548 2461 5601 omni
2493 5548 2846 5620 Operatione,
2884 5550 3166 5623 Spiritum
3192 5556 3463 5611 sanctum
3481 5572 3607 5612 sus-

1960 5633 2157 5706 cipiat.
