4090 6192
471 354 619 418 1331

1790 354 2106 416 ΝῙΟΕΤλΕ
2149 352 2562 414 ΟΗΟΝΙΑΤᾸΞ

3718 350 3881 410 1332

541 495 628 548 17.
680 491 841 556 Quod
906 489 1211 547 orantibus
1279 507 1421 546 crux
1461 490 1522 547 in
1570 489 1793 547 lumine
1839 508 2116 564 apparere
2150 495 2198 561 Α
2231 492 2639 562 obscenitates,
2672 491 3051 565 pecuniarum
3079 491 3237 548 furta
3267 493 3323 547 et
3364 489 3765 548 scortationes
3793 490 3884 546 in-

469 583 959 656 possit,quodque
981 579 1297 652 aliquando
1320 596 1625 651 procerum
1650 581 1888 652 quidam
1913 582 2116 652 depre-

468 673 687 729 hensus
722 671 916 738 tuerit,
976 687 1110 726 cum
1151 671 1221 725 ad
1274 671 1456 726 altare
1504 669 1720 725 astanti
1766 673 1884 726 tres
1932 686 2116 742 panes

467 763 592 819 oleo
624 761 760 834 pisti
791 763 1244 833 apponerentur.

540 871 626 924 18.
652 870 814 933 Quod
843 867 1160 924 Massiliaui
1185 884 1332 938 opus
1362 883 1534 922 omne
1575 872 1938 934 aversantur,
1968 869 2124 940 quod

473 960 746 1015 manibus
777 958 1164 1028 ﬁt,tanquam
1197 956 1561 1012 Christianos
1613 958 1852 1012 minime
1902 959 2122 1013 deceat.

546 1048 633 1102 49.
670 1049 732 1104 In
787 1052 952 1118 parte
1008 1063 1143 1101 vero
1223 1046 1712 1101 inhumanitatem
1774 1063 2005 1118 quoque
2064 1047 2124 1102 in

478 1154 763 1211 pauperes
787 1137 1185 1192 introducunt.
1213 1139 1433 1206 Negant
1473 1135 1629 1188 enim
1655 1151 1751 1191 eos
1775 1136 1872 1205 qui
1905 1137 2124 1191 mundo

480 1227 963 1294 renuntiaverint,
996 1224 1080 1279 vel
1123 1223 1359 1278 omnino
1393 1225 1711 1295 quidquam
1763 1225 1898 1278 boni
1958 1241 2127 1297 agere

475 1315 878 1384 voluerint,iis
903 1314 1232 1386 quidquam
1284 1329 1524 1384 erogare
1567 1318 1845 1384 oportere,
1898 1315 1995 1384 qui
2028 1313 2128 1368 sti-

480 1422 613 1477 pem
678 1405 907 1476 publiee
952 1404 1263 1464 mendicat,
1318 1408 1417 1458 aut
1469 1403 1708 1458 desertis
1756 1403 1969 1470 viduis,
2029 1407 2130 1459 aut

483 1496 557 1550 iis
588 1496 688 1566 qui
719 1495 878 1549 varia
911 1493 1170 1565 pericula
1201 1493 1528 1560 subierunt,
1584 1498 1684 1548 aut
1721 1510 1961 1565 corpore
2000 1510 2128 1549 mu-

486 1584 656 1652 tilati,
691 1591 790 1639 aut
823 1583 1023 1639 morbo
1047 1582 1268 1649 afflicti,
1295 1586 1395 1636 aut
1443 1583 1794 1637 creditorum
1827 1583 2126 1653 saevitiam,

490 1679 589 1729 aut
623 1673 1006 1728 Barbarorum
1049 1671 1441 1737 excursiones,
1485 1675 1583 1725 aut
1630 1670 1772 1727 alias
1833 1672 1888 1725 id
1944 1688 2130 1742 genus

486 1763 849 1818 calamitates
881 1760 1120 1832 experti,
1182 1776 1373 1814 rerum
1426 1776 1666 1814 suarum
1704 1761 2000 1831 jacturam
2047 1761 2127 1815 fe-

484 1854 708 1918 cerunt,
741 1849 840 1903 sed
874 1849 986 1902 sibi
1017 1847 1300 1918 ipsis,qui
1331 1863 1612 1918 pauperes
1661 1847 1871 1919 spiritu
1930 1864 2128 1925 revera
2159 1868 2206 1934 B

481 1940 618 2007 sint,
652 1939 848 1994 omnia
879 1936 1309 2008 suppeditanda
1339 1952 1467 1992 esse
1495 1937 1678 1992 aiunt.

549 2048 639 2102 2-0.
692 2047 788 2100 His
841 2042 1221 2098 ecclesiarum
1276 2047 1334 2098 et
1399 2043 1673 2098 altarium
1732 2047 2130 2116 contemptum

489 2138 736 2200 addunt,
770 2133 936 2204 quasi
967 2148 1063 2187 eos
1096 2131 1195 2202 qui
1229 2131 1498 2202 pietatem
1545 2132 1914 2203 proﬁtentur,
1945 2132 2134 2188 haud-

484 2241 785 2298 quaquam
820 2223 877 2276 in
909 2222 1318 2278 ecclesiasticis
1376 2221 1887 2277 communionibus
1938 2239 2132 2294 perse-

487 2333 684 2372 verare
709 2317 933 2381 deceat,
983 2313 1055 2368 iis
1115 2313 1386 2383 precibus
1445 2320 1768 2381 contentos,
1829 2329 1976 2384 quas
2021 2313 2134 2383 ipsi

492 2406 617 2462 suis
651 2404 708 2458 in
741 2401 1011 2457 oratoriis
1042 2401 1156 2457 Deo
1214 2401 1489 2456 fundunt.
1536 2405 1742 2456 Preces
1791 2401 1945 2456 enim
1996 2418 2134 2457 suas

489 2494 634 2549 tanti
665 2492 942 2564 ponderis
974 2507 1102 2545 esse
1133 2490 1356 2557 dicunt,
1391 2494 1454 2544 ut
1499 2489 1614 2544 sibi
1661 2495 1718 2546 et
1766 2491 1838 2546 iis
1866 2508 2014 2562 quos
2041 2491 2135 2546 in-

486 2585 746 2639 stituunt
789 2580 1039 2652 Spiritus
1084 2582 1323 2635 sanctus
1373 2595 1653 2651 apparere
1713 2597 1889 2636 sensu
1939 2581 2137 2653 depre-

492 2673 804 2728 hendatur.

558 2783 646 2835 21.
683 2779 1042 2836 Fabulantur
1073 2777 1250 2832 etiam
1301 2778 1523 2842 decere,
1577 2781 1637 2832 ut
1687 2779 1787 2850 qui
1837 2777 1978 2834 salvi
2009 2793 2136 2834 esse

497 2871 717 2939 volunt,
751 2870 954 2925 tandiu
986 2873 1174 2935 orent,
1209 2867 1353 2922 nihil
1385 2867 1541 2922 aliud
1600 2885 1840 2939 prorsus
1878 2872 2135 2940 agentes,

495 2965 676 3017 donec
710 2964 1034 3032 peccatum,
1066 2963 1341 3028 tanquam
1374 2957 1598 3012 fumum
1640 2962 1740 3012 aut
1795 2958 2012 3028 ignem,
2040 2962 2139 3014 aut

492 3051 827 3115 draconem,
887 3054 988 3104 aut
1043 3049 1098 3102 id
1152 3064 1336 3119 genus
1386 3047 1564 3101 feram
1625 3047 1892 3117 quamvis
1937 3047 2135 3114 aliam,

491 3140 775 3195 orationis
806 3139 858 3193 vi
891 3139 1070 3209 abigi,
1103 3155 1136 3193 a
1162 3153 1340 3208 seque
1391 3137 1700 3191 abscedere
1735 3153 1909 3192 sensu
1954 3137 2137 3208 perci-

495 3231 683 3301 piunt,
717 3233 771 3283 et
800 3228 1056 3283 vicissim
1081 3228 1259 3282 sancti
1293 3226 1543 3296 Spiritus
1596 3225 1915 3281 efficaciam
1957 3243 2133 3282 sensu
2167 3235 2210 3301 ί]

499 3318 788 3386 excipiant
814 3334 824 3371 :
853 3317 1350 3386 manifestumque
1374 3315 1718 3370 introeuntis
1740 3316 1867 3385 ejus
1898 3331 2137 3371 sensum

498 3407 695 3462 animo
728 3405 1185 3475 deprehendant.
1220 3409 1408 3473 Atque
1462 3404 1609 3458 hanc
1656 3405 1894 3459 demum
1944 3421 2139 3461 veram

494 3495 957 3552 Christianorum
993 3508 1469 3547 communionem
1496 3508 1624 3546 esse
1657 3492 1878 3547 dicunt.

561 3604 650 3658 22.
685 3601 906 3673 Negant
939 3599 1093 3654 enim
1147 3599 1202 3652 in
1258 3597 1522 3653 Ecclesia:
1569 3597 1880 3668 baptismo,
1905 3602 2005 3653 aut
2037 3599 2146 3655 cle-

489 3693 744 3748 ricorum
778 3689 1179 3757 electionibus,
1213 3703 1313 3742 eos
1341 3688 1437 3757 qui
1485 3687 1871 3757 baptizantur,
1905 3694 2007 3742 aut
2036 3689 2143 3743 eli-

490 3789 728 3853 guntur,
762 3779 946 3834 sancti
998 3777 1252 3848 Spir-itus
1320 3775 1634 3846 participes
1680 3791 1828 3844 esse,
1866 3777 1975 3831 nisi
2019 3777 2144 3833 suis

491 3873 742 3942 ipsorum
775 3868 1046 3940 precibus
1078 3864 1398 3920 studiosius
1441 3864 2018 3921 communicaverint.
2064 3868 2146 3922 Ita

495 3965 559 4015 ut
583 3959 786 4024 cuivis,
819 3957 993 4011 etiam
1026 3955 1151 4010 sine
1183 3954 1499 4022 baptismo,
1533 3955 1982 4010 communicatio
2013 3956 2143 4026 Spi-

497 4051 645 4106 ritus
679 4047 865 4103 sancti
895 4049 1085 4117 pateat
1121 4062 1132 4097 :
1165 4043 1332 4098 modo
1365 4043 1600 4098 assidue
1633 4045 1758 4099 suis
1792 4043 1850 4098 in
1901 4047 2145 4101 coetibus

494 4139 732 4206 versari,
769 4152 1012 4207 quaeque
1054 4134 1132 4189 ibi
1167 4134 1442 4204 dogmata
1496 4134 1831 4202 traduntur,
1893 4135 2147 4190 ediscere

493 4228 650 4284 velit.

562 4338 650 4390 23.
685 4335 846 4392 Unde
870 4349 1001 4388 cum
1036 4331 1354 4402 presbyteri
1384 4331 1690 4387 orthodoxi
1735 4333 1998 4402 quaedam
2034 4332 2148 4387 illis

491 4426 864 4497 objecissent,
902 4427 1038 4494 puta
1071 4422 1222 4492 quod
1259 4421 1392 4488 fide,
1433 4438 1548 4476 non
1586 4437 1783 4488 sensu,
1819 4440 1924 4476 nos
1958 4422 2144 4494 Spiri-

493 4525 586 4572 tus
609 4515 797 4570 sancti
822 4512 1133 4583 participss
1165 4511 1288 4565 fieri
1319 4510 1684 4577 confitemur,
1720 4509 1804 4565 illi
1849 4511 1974 4566 suis
2022 4528 2147 4584 pre-

2227 583 2515 638 ciderunt.

2296 674 2388 726 25.
2425 673 2550 728 llaec
2589 676 2645 727 et
2689 671 2964 744 pleraque
3006 671 3064 726 id
3103 685 3288 742 genus
3331 669 3446 726 alia
3479 675 3764 742 portenta
3795 673 3892 727 de.

2231 763 2447 827 sinant,
2477 762 2558 817 ita
2577 766 2644 816 ut
2665 761 2900 832 nuptias
2920 761 3094 816 etiam
3131 757 3426 831 legitimas
3447 759 3736 816 facillime
3768 762 3888 816 dis-

2232 852 2538 919 solvant,et
2571 868 2667 907 eos
2691 851 2784 922 qui
2818 868 2851 906 a
2881 850 3105 921 nuptiis
3121 847 3294 904 alieni
3328 852 3487 916 sunt,
3539 865 3664 905 non
3715 867 3887 905 secus

2233 946 2406 1012 atqne
2438 941 2774 1006 monachos,
2801 956 2999 996 secum
3034 937 3349 1008 asciscunt,
3383 938 3716 1010 beatosque
3743 956 3886 1011 prae-

2234 1029 2448 1084 dicant.
2485 1034 2668 1102 Atque
2727 1030 2867 1084 adeo
2919 1028 3289 1100 persuadent,
3353 1031 3416 1081 ut
3473 1032 3661 1099 patre,
3703 1033 3886 1083 matre

2234 1118 2548 1190 liberisque
2595 1121 2764 1190 (quos
2813 1118 3059 1173 educare
3111 1116 3460 1188 debuerant)
3505 1116 3885 1186 posthabitis,

2235 1209 2301 1263 ad
2336 1225 2397 1264 se
2425 1212 2634 1264 cuncta
2665 1210 3045 1278 comportent.

2305 1301 2393 1353 26.
2426 1299 2634 1353 Servos
2691 1315 2724 1352 a
2777 1295 3028 1352 dominis
3082 1295 3368 1366 fugientes
3423 1295 3680 1352 libenter
3735 1296 3887 1352 exci-

2237 1387 2442 1458 piunt:
2478 1387 2648 1441 variis
2682 1385 2932 1456 peccatis
2976 1385 3224 1441 infames
3274 1386 3347 1440 ad
3399 1401 3459 1440 se
3513 1386 3884 1456 accedentes,

2239 1477 2455 1547 absque
2496 1475 2613 1531 ullo
2654 1474 3004 1546 pcenitenti
3042 1475 3250 1539 fructu,
3275 1475 3499 1546 absque
3533 1476 3888 1530 auctoritate

2238 1565 2604 1632 sacerdotali,
2638 1565 2858 1635 absque
2889 1563 3184 1633 gradibus,
3219 1563 3318 1634 qui
3344 1564 3670 1619 canonibus
3703 1564 3892 1619 eccle-

2239 1654 2491 1711 siasticis
2526 1654 3002 1725 prazscribuntur,
3031 1652 3102 1707 ab
3132 1652 3295 1709 omni
3326 1669 3388 1708 se
3418 1658 3647 1724 peccato
3689 1669 3893 1724 quan-

2238 1743 2426 1798 tocius
2457 1744 2790 1814 expiaturos
2823 1740 3189 1813 promittunt,
3223 1741 3273 1796 si
3305 1741 3433 1812 quis
3472 1742 3642 1796 modo
3674 1742 3896 1797 trivia-

2240 1833 2325 1888 les
2357 1850 2557 1890 eorum
2594 1849 2786 1906 preces
2816 1833 2971 1904 apud
3020 1848 3119 1888 eos
3168 1831 3481 1887 meditatus
3521 1837 3897 1903 extempora-

2243 1939 2385 1979 neus
2415 1922 2683 1993 nequitiae
2715 1921 2986 1977 sacerdos
3015 1921 3286 1976 evaserit.

2309 2014 2608 2084 27.1taque
2640 2011 2970 2080 nonnullos,
3005 2013 3179 2066 etiam
3203 2015 3521 2082 antequam
3555 2028 3589 2067 a
3642 2015 3898 2083 peccatis

2241 2102 2617 2158 absolvantur
2645 2101 2758 2173 ipsi
2817 2102 2889 2155 ad
2948 2099 3292 2155 clericorum
3353 2100 3676 2156 electiones
3710 2103 3900 2157 addu-

2241 2197 2403 2257 cunt,
2435 2199 2490 2247 et
2521 2191 2592 2246 ab
2624 2189 2915 2262 episcopis
2947 2188 3079 2245 dolo
3114 2190 3413 2262 persuasis
3445 2207 3739 2246 manuum
3792 2192 3902 2247 im-

2241 2281 2586 2354 positionem
2619 2283 2982 2350 extorquent,
3029 2295 3177 2349 quos
3226 2279 3508 2334 nimirum
3560 2281 3903 2337 testimonio

2241 2386 2442 2426 eorum
2476 2371 2755 2437 inescanl,
2788 2368 2889 2439 qui
2922 2369 3077 2440 apud
3119 2382 3219 2423 eos
3249 2367 3530 2423 monachi
3559 2376 3901 2425 censentur.

2309 2460 2399 2516 28.
2434 2459 2494 2514 Id
2530 2463 2594 2514 ut
2628 2458 2860 2526 faciant,
2894 2474 3010 2513 non
3042 2473 3108 2513 eo
3141 2457 3540 2526 adducuntur,
3574 2461 3740 2528 quod
3788 2459 3911 2515 cle-

2242 2550 2495 2605 ricorum
2529 2548 2746 2620 gradus
2777 2546 3149 2603 honorabiles
3177 2546 3464 2618 judicent,
3525 2548 3633 2619 qui
3684 2548 3779 2603 vel
3819 2549 3908 2621 ip-

2243 2656 2360 2706 sos,
2395 2636 2625 2709 quoties
2656 2636 3000 2692 collubitum
3032 2642 3138 2702 est,
3171 2636 3479 2708 episcopos
3529 2640 3908 2709 contemptui

2242 2727 2478 2792 habent,
2538 2727 2637 2782 sed
2694 2728 2759 2780 ut
2813 2727 3160 2796 potestatem
3221 2729 3279 2780 et
3334 2725 3765 2781 auctoritatem
3799 2726 3909 2782 sibi

2243 2819 2596 2887 comparent.

2313 2914 2403 2967 29.
2439 2911 2709 2968 Nonnulli
2737 2929 2908 2985 porro
2939 2927 3140 2968 eorum
3175 2928 3246 2967 ne
3307 2913 3738 2984 mysteriorum
3799 2915 3915 2986 qui-

2247 3003 2378 3058 dem
2410 3001 2809 3058 communioni
2867 3017 2928 3057 se
2985 3017 3243 3072 unquam
3297 3002 3656 3057 interfuisse
3688 3003 3914 3074 dicunt,

2247 3093 2361 3148 nisi
2393 3092 2579 3147 sancti
2613 3091 2869 3163 Spiritus
2899 3090 3290 3163 praesentiain,
3323 3109 3454 3162 quae
3491 3091 3604 3146 illa
3636 3092 3789 3148 hora
3818 3093 3906 3149 fie-

2249 3181 2367 3249 bat,
2401 3186 2597 3252 aperte
2629 3177 2917 3236 sentirent
2947 3183 3002 3234 et
3031 3179 3449 3251 experirentur.

2322 3273 2410 3328 30.
2445 3274 2559 3327 Nec
2591 3273 2801 3327 desunt
2831 3270 2981 3326 inter
3020 3270 3173 3341 illos,
3231 3271 3330 3343 qui
3380 3272 3451 3326 ad
3505 3272 3709 3329 virilia
3758 3289 3908 3329 resc-

2247 3364 2455 3433 canda,
2485 3364 2535 3418 si
2574 3363 2674 3433 qui
2706 3363 2851 3417 forte
2879 3361 3080 3432 velint,
3111 3362 3515 3419 exhortantur.

2319 3453 2408 3506 31.
2441 3451 2850 3524 Separationes
2895 3452 3046 3522 (quae
3112 3450 3286 3524 vulgo
3327 3452 3795 3524 degradationes
3823 3470 3916 3525 ap-

2249 3540 2562 3612 pellantur)
2594 3539 2757 3595 facile
2789 3545 3200 3596 contemnunt.

2319 3632 2408 3685 32.
2444 3630 2730 3684 Audacter
2752 3629 2978 3700 jurant,
3011 3633 3068 3684 et
3098 3631 3379 3702 pejerant.

2319 3720 2407 3776 33.
2441 3718 2700 3789 Denique
2758 3717 2847 3774 vel
2897 3735 3066 3774 suam
3124 3719 3390 3790 ipsorum
3446 3719 3699 3778 haecesin
3735 3724 3920 3779 tacite

2251 3810 2632 3864 detestantur.

2559 3954 2827 4008 Haerescos
2851 3953 3226 4024 praecedentis
3257 3955 3585 4026 con/utalia.

2319 4078 2670 4150 Deplorandi
2704 4082 2857 4134 certe
2910 4083 3050 4134 sunt
3104 4080 3384 4149 Euchitae,
3440 4087 3683 4154 propter
3713 4085 3928 4142 multi-

2251 4167 2457 4240 plicem
2500 4167 2661 4223 illam
2693 4167 2964 4225 haeresin.
3001 4173 3176 4241 atque
3209 4169 3438 4241 piorum
3496 4173 3786 4243 precibus
3823 4192 3924 4230 su-

2249 4257 2516 4313 blevandi
2550 4262 2614 4311 ut
2663 4257 2898 4312 tandem
2960 4257 3278 4329 aliquando
3327 4276 3361 4314 a
3409 4262 3769 4317 temeritatis
3824 4281 3922 4318 ve-

2253 4353 2416 4402 terno
2465 4346 2723 4412 excitati,
2780 4351 3077 4418 Deumque
3125 4354 3568 4420 cognoscentes,
3620 4369 3656 4407 a
3718 4353 3921 4408 stultis

2250 4436 2367 4491 illis
2393 4437 2664 4507 precibus
2693 4435 3054 4502 abstineant,
3085 4441 3257 4508 atque
3287 4439 3636 4510 dogmatum
3673 4459 3923 4498 suorum

2253 4525 2463 4583 fabulis
2519 4526 2756 4598 longum
2813 4525 3005 4582 valere
3057 4528 3265 4598 jussis,
3325 4529 3611 4600 pietatem
3699 4534 3927 4604 perdis-

498 4607 661 4661 cibus
717 4617 954 4657 sensum
1005 4614 1236 4670 quoque
1295 4598 1546 4669 Spiritus
1595 4600 1780 4654 sancti
1847 4601 2142 4671 obtingere
2175 4602 2218 4667 Ι)
2251 4621 2408 4673 cant.

497 4695 608 4749 sibi
637 4689 1083 4762 reSponderunt.

563 4801 848 4853 2:1.Tanto
877 4802 1068 4850 autem
1101 4795 1446 4865 arrogantia)
1488 4796 1641 4851 fastu
1685 4797 2032 4867 efferuntur,
2082 4807 2144 4854 ut

496 4906 594 4946 eos
626 4889 722 4961 qui
755 4902 948 4943 secum
990 4885 1248 4956 Spiritus
1293 4885 1479 4939 sancti
1527 4902 1767 4940 sensum
1818 4885 2144 4958 percipiunt

494 4983 696 5036 beatos
724 4975 1034 5048 praedicent
1077 4991 1090 5029 :
1146 4979 1426 5044 tanquam
1483 4975 1721 5043 perfecti
1761 4981 1814 5028 et
1865 4975 1936 5029 ab
1988 4977 2144 5030 omni

499 5073 732 5144 peccato
782 5063 974 5132 liberi,
1015 5063 1266 5133 denique
1315 5063 1582 5116 meliores
1629 5063 1950 5118 evaserint:
2014 5081 2146 5120 eos—

499 5163 629 5217 dem
661 5157 838 5214 etiam
873 5170 1105 5210 summo
1138 5168 1335 5207 amore
1376 5156 1820 5223 prosequantur,
1854 5160 1906 5206 et
1929 5151 2142 5220 colant,

500 5256 563 5308 ut
594 5248 688 5322 qui
721 5264 834 5302 non
867 5242 1116 5315 amplius
1145 5240 1359 5312 peccati
1406 5241 1677 5312 periculis
1728 5241 1845 5296 sint
1889 5242 2141 5298 obnoxii.

500 5342 612 5398 Sed
647 5340 703 5392 in
738 5339 1038 5407 posterum
1073 5333 1292 5403 quiete,
1339 5331 1604 5385 ciborum
1644 5331 1929 5402 cupediis,
1987 5349 2144 5386 omni

498 5426 829 5498 largitionis
853 5437 1082 5496 genere,
1118 5419 1339 5475 deliciis
1375 5419 1812 5492 honoribusque
1851 5420 2141 5475 fruantur.

500 5517 756 5579 Quorum
783 5511 1041 5582 plerique
1067 5509 1219 5580 apud
1250 5524 1347 5563 eos
1368 5507 1708 5580 hujusmodi
1742 5509 2143 5568 testimonium

503 5600 871 5673 perfectionis
905 5599 1122 5668 adepti,
1180 5598 1333 5653 inter
1389 5606 1655 5654 externos
1710 5600 1880 5670 (quos
1925 5615 1996 5653 ne
2051 5616 2147 5653 no-

505 5688 663 5741 mine
695 5686 931 5753 quidem
963 5687 1424 5744 Christianorum
1467 5690 1805 5762 dignantur)
1847 5689 1904 5744 in
1955 5689 2143 5747 varias

2320 4705 2472 4762 Vera
2502 4705 2658 4761 enim
2681 4705 2978 4761 dementia
3000 4710 3106 4778 est,
3144 4707 3192 4762 si
3221 4707 3354 4779 quis
3378 4709 3688 4766 existimet
3743 4714 3925 4786 enhy-

2253 4796 2557 4868 postatice,
2600 4794 2708 4850 hoc
2765 4799 2854 4850 est
2910 4811 3130 4862 revera,
3187 4796 3466 4853 Satanam
3517 4805 3578 4854 et
3631 4801 3922 4874 Spiritum

2256 4890 2524 4940 sanctum
2544 4883 2765 4939 homini
2794 4883 3161 4942 inhabitare:
3213 4902 3346 4942 cum
3379 4892 3722 4960 praesertim
3779 4895 3919 4948 Deus

2252 4973 2550 5028 hominem
2583 4989 2651 5027 ex
2681 4972 2879 5028 anima
2911 4978 2968 5028 et
2997 4990 3236 5046 corpore
3295 4983 3735 5048 composuerit,
3783 4983 3916 5037 alie-

2255 5063 2832 5132 numqueaSatanee
2862 5062 3102 5132 ditione,
3172 5065 3282 5119 sub
3341 5067 3465 5136 ipsa
3519 5072 3748 5124 mundi
3821 5073 3925 5142 pri-

2256 5153 2482 5207 mordia
2514 5152 2864 5207 formaverit.
2919 5152 3079 5208 Idem
3148 5154 3305 5210 enim
3362 5156 3490 5227 ipse
3522 5159 3754 5216 coelum
3792 5178 3919 5233 qne-

2255 5241 2726 5313 queappenditet
2749 5241 3023 5309 firmavit,
3057 5243 3160 5313 qui
3193 5243 3504 5301 hominum
3525 5251 3924 5321 generispira-

2255 5329 2453 5384 culum
2477 5329 2603 5383 vitae
2618 5328 2934 5384 dedit.Jam
2955 5329 3264 5387 siSatanas
3285 5331 3510 5387 homini
3527 5337 3918 5401 cohabitaret,

2254 5418 2422 5490 eique
2476 5414 2952 5487 συνενυπὸστατος,
3013 5418 3123 5475 hoc
3183 5424 3274 5476 est
3331 5437 3536 5478 revera
3600 5425 3831 5483 insitus
3875 5437 3920 5480 et

2254 5509 2552 5565 immistus
2610 5510 3032 5576 dominaretur,
3093 5528 3396 5583 nunquam
3455 5531 3490 5570 a
3551 5521 3790 5574 sanctis
3821 5518 3919 5575 cal-

2254 5600 2868 5670 catusincrepatusve,
2904 5604 3188 5671 tanquam
3238 5602 3346 5657 vile
3395 5607 3916 5679 mancipium,ner

2256 5691 2426 5748 aliter
2445 5708 2622 5764 quam
2649 5691 2910 5749 misellus
2944 5691 3317 5764 passerculus
3367 5693 3633 5755 ludibrio
3681 5699 3914 5757 habitas
