4090 6192
309 323 476 387 1333

1657 319 2056 384 TllESAURI
2104 324 2251 384 LIB.
2302 326 2403 387 IV.

3562 324 3717 389 1334

306 459 532 517 fuisset.
591 455 755 512 Alias
821 453 997 509 etiam
1061 451 1186 508 fieri
1240 469 1356 510 non
1415 456 1622 524 potest,
1682 455 1747 508 ut
1803 455 2247 525 apudAunius
2280 459 2458 514 divini
2489 463 2546 516 et
2575 456 2770 516 mterni
2806 457 3075 530 principii
3132 455 3386 530 cognitio
3444 456 3570 514 orbi
3612 462 3722 514 ter-

310 564 492 606 unum
521 546 915 616 eumdemque
973 543 1269 599 hominem
1327 543 1454 598 dua:
1514 543 1814 599 contrariae
1855 543 1964 599 vir-

307 643 486 704 tutes,
518 638 781 702 sanctus,
815 633 1082 704 inquam,
1117 631 1369 705 Spiritus
1401 636 1458 688 et
1483 636 1753 700 Satanas,
1778 632 1953 690 simul

308 729 676 788 conveniant.
711 725 826 780 Nec
877 723 1034 779 enim
1089 721 1322 779 illorum
1383 739 1706 780 concursus
1764 724 1815 780 is
1847 727 1958 789 est,

309 818 716 893 quiaccidere,
752 817 852 869 aut
882 812 998 868 ullo
1033 829 1293 885 unquam
1326 817 1588 884 tempore
1627 813 1962 886 contingere

307 910 516 984 possit.
551 906 653 962 Ille
685 905 843 960 enim
875 909 1028 958 Deus
1062 908 1149 958 est
1202 907 1258 957 et
1316 903 1666 974 angelorum
1715 907 1959 967 creator,

311 1000 408 1055 hic
467 1013 599 1051 vero
660 992 986 1066 apostatica
1051 991 1435 1063 maleficaque
1492 991 1774 1063 potentia,
1836 1008 1962 1063 qua:

305 1089 552 1159 propter
583 1082 822 1137 insitam
852 1079 1190 1150 superbiam
1222 1080 1291 1134 ab
1323 1080 1422 1136 illo
1455 1081 1654 1152 procul
1685 1080 1913 1136 exsulat
1945 1100 1959 1149 ;

307 1180 365 1232 et
387 1177 559 1245 juxta
592 1170 823 1227 Domini
854 1169 1118 1235 verbum,
1151 1178 1416 1240 tanquam
1445 1171 1636 1241 fulgur
1667 1186 1781 1227 una
1827 1187 1962 1227 cum

317 1265 582 1336 ejusdem
633 1258 966 1317 rebellionis
1010 1260 1375 1315 consortibus
1425 1260 1701 1332 potentiis
1755 1277 1784 1316 e
1834 1262 1962 1317 caelo

307 1353 510 1410 decidit
543 1351 607 1406 7‘.

386 1446 439 1498 2.
472 1441 676 1498 Divino
707 1456 878 1512 porro
939 1438 1314 1510 baptismate,
1373 1439 1704 1512 Christique
1754 1443 1961 1513 myste-

315 1534 528 1590 riorum
558 1529 946 1603 perceptione,
980 1529 1258 1598 animam,
1293 1545 1469 1584 unam
1503 1529 1740 1600 quidem
1772 1528 1959 1596 illam,

311 1637 417 1677 nec
441 1619 690 1691 duplicis
722 1625 962 1683 natura,
1020 1621 1084 1672 ut
1137 1616 1398 1672 Euchitaa
1457 1622 1774 1690 nugantur,
1826 1635 1962 1688 pur-

310 1712 433 1784 gari
496 1709 909 1779 hominemque
967 1707 1284 1779 perfectum
1373 1709 1557 1776 reddi,
1616 1708 1803 1779 ipsius
1860 1708 1962 1764 Dei

2074 563 2272 604 rarum
2308 548 2459 604 clare
2484 549 2757 604 innotuit.

2141 651 2192 702 4.
2230 649 2403 704 Porro
2437 651 2482 705 si
2511 650 2641 720 quis
2673 651 2827 704 dicet
2885 648 3107 705 malum
3157 645 3516 703 ἐνυπόστατον
3566 667 3715 716 esse,

2071 737 2180 794 hoc
2215 742 2324 806 est,
2387 755 2586 795 revera
2636 738 2976 807 consistere,
3044 737 3184 808 quid
3237 737 3397 792 aliud
3448 738 3556 794 hoc
3604 746 3715 808 est,

2073 843 2248 898 quam
2282 845 2482 884 eorum
2516 828 2808 900 impietas,
2838 828 2939 899 qui
2974 828 3124 884 bono
3162 833 3276 884 Deo
3328 828 3538 887 malam
3582 847 3719 901 qua-

2075 916 2268 971 mdam
2302 917 2618 988 potentiam
2673 918 2908 988 opponi,
2943 921 2998 972 et
3045 922 3325 988 tanquam
3357 919 3715 974 contrarium

2072 1005 2237 1077 quid,
2271 1023 2390 1061 una
2447 1023 2578 1062 cum
2632 1023 2697 1062 eo
2751 1006 2916 1079 quasi
2975 1023 3044 1062 ex
3085 1007 3326 1062 adverso
3359 1023 3717 1080 comparare,

2071 1103 2309 1150 censent
2340 1099 2398 1151 et
2429 1095 2997 1168 profitentur?quod
3033 1095 3191 1151 nullo
3233 1098 3404 1152 modo
3453 1097 3570 1152 ﬁeri
3607 1114 3717 1169 po-

2074 1188 2204 1241 test.
2238 1185 2460 1240 Bonum
2493 1186 2646 1240 enim
2710 1189 2769 1241 et
2823 1184 3044 1240 malum
3106 1189 3310 1240 mutuo
3343 1202 3404 1240 se
3433 1186 3719 1242 vicissim-

2071 1291 2184 1346 que
2211 1275 2496 1346 perimere
2527 1279 2758 1331 eonstat
2792 1275 2964 1347 :quia
2997 1275 3276 1331 nimirum
3327 1275 3437 1330 sibi
3470 1276 3718 1332 invicem

2072 1364 2382 1435 irrequieta
2415 1372 2762 1436 repugnant,
2795 1371 2852 1419 et
2882 1364 3174 1421 infirmius
3229 1382 3261 1420 a
3316 1365 3551 1422 fortiore
3591 1382 3715 1421 cor-

2071 1453 2383 1524 rumpitur.
2419 1455 2578 1518 Quod
2612 1454 2662 1509 si
2695 1453 2828 1524 quis
2862 1470 3024 1524 aequo
3057 1453 3150 1509 illa
3209 1455 3462 1524 pondere
3514 1455 3718 1511 existi-

2071 1550 2206 1609 met,
2236 1547 2513 1613 perpetuo
2571 1542 2723 1597 inter
2778 1559 2840 1597 se
2896 1541 3046 1598 bello
3103 1542 3402 1611 dimicare,
3433 1549 3608 1614 atque
3647 1561 3714 1600 ex

2069 1632 2488 1702 consequentia
2533 1635 2799 1686 mutuam
2834 1631 2945 1686 sibi
3002 1632 3235 1686 assidue
3281 1633 3594 1701 perniciem
3625 1633 3715 1688 in-

2067 1719 2214 1776 ferre
2245 1719 2642 1791 deprehendet
2674 1736 2689 1774 :
2724 1736 2857 1774 cum
2909 1718 3148 1775 alternis
3202 1724 3449 1791 utraque
3477 1721 3715 1776 vincant

304 1801 500 1857 verbis
531 1802 778 1867 constat,
813 1813 938 1867 quae
970 1796 1374 1853 remissionem
1411 1801 1804 1869 peccatorum,
1831 1798 1950 1870 spi-

2065 1812 2120 1865 et
2148 1811 2476 1865 vincantur.
2510 1809 2616 1874 Qui
2651 1808 2806 1863 enim
2859 1813 3071 1864 cuncta
3122 1808 3180 1863 in
3214 1824 3405 1864 rerum
3440 1813 3712 1866 naturam

309 1888 696 1960 ritualemque
753 1886 983 1942 coalitus
1042 1887 1253 1942 factam
1304 1886 1823 1958 regenerationem,
1853 1888 1960 1943 ba-

308 1982 597 2053 ptismum
629 1976 1066 2034 vocant.Divina
1091 1991 1320 2048 quoque
1346 1993 1592 2033 munera
1617 1977 1813 2031 cibum
1831 1993 1960 2033 esse

314 2069 608 2135 novimus,
660 2067 760 2140 qui
820 2082 1121 2136 nunquam
1182 2067 1528 2121 absumatur
1603 2069 1659 2121 et
1715 2069 1953 2137 pereat:

315 2159 413 2231 qui
450 2174 668 2213 manna
724 2156 851 2228 ipso
909 2155 1081 2226 longe
1138 2155 1215 2210 sit
1272 2153 1475 2210 melior
1527 2153 1742 2210 ".Hoc
1800 2154 1956 2209 enim

307 2248 535 2304 Hebraei
557 2247 796 2319 Egypto
821 2250 1096 2301 exeuntes
1120 2245 1176 2298 in
1198 2243 1514 2301 solitudine
1556 2244 1954 2313 comederunt,

312 2342 369 2393 et
406 2339 622 2393 mortui
662 2339 831 2391 sunt:
867 2333 967 2390 illa
1020 2350 1158 2389 vero
1211 2333 1715 2389 immortalitatem
1761 2333 1954 2389 confe-

313 2431 454 2482 runt
481 2444 493 2481 :
517 2425 822 2496 multoque
845 2423 1054 2479 melius
1079 2423 1339 2478 animam
1365 2423 1434 2478 ab
1465 2422 1820 2478 animalibus
1836 2439 1956 2479 ma-

310 2516 462 2570 culis
485 2513 908 2570 inhaerentibus
937 2516 1282 2583 expurgant,
1310 2528 1485 2582 quam
1511 2512 1682 2566 carbo
1705 2510 1800 2567 ille
1830 2511 1951 2583 qui,

308 2605 527 2677 forcipe
569 2621 601 2659 a
659 2601 951 2658 Cherubin
1008 2601 1168 2656 Isaiae
1225 2601 1456 2656 oblatus
1513 2609 1599 2656 est
1627 2599 1690 2655 ⁷⁸.
1729 2600 1798 2656 Ut
1839 2618 1952 2656 uno

304 2694 478 2751 verbo
518 2691 837 2759 absolvam,
886 2690 1033 2746 nihil
1093 2689 1249 2746 aliud
1310 2688 1410 2745 illa
1455 2695 1615 2758 sunt,
1648 2707 1825 2762 quam
1859 2707 1952 2746 co-

309 2783 450 2855 pula
480 2782 742 2854 quaedam
775 2798 906 2837 cum
963 2780 1217 2848 Christo,
1278 2797 1530 2852 veraque
1577 2781 1704 2835 vitae
1755 2797 1950 2838 causa.

307 2873 579 2929 Christus
605 2872 758 2926 enim
789 2872 846 2926 in
881 2871 1204 2939 Evangeliis
1262 2870 1448 2925 dixit:
1497 2869 1604 2938 Qui
1655 2869 1950 2926 manduca!

307 2977 488 3018 meam
517 2977 760 3029 carnem,
793 2963 850 3016 in
883 2977 967 3016 me
995 2964 1198 3025 manet,
1229 2967 1281 3014 et
1330 2975 1423 3030 ego
1470 2959 1532 3014 in
1580 2975 1640 3015 eo
1666 2960 1730 3015 ⁷⁷.
1763 2960 1904 3014 Item
1935 2975 1948 3015 :

302 3051 422 3107 Nisi
449 3049 914 3105 manducaveritis
946 3065 1171 3104 carnem
1193 3047 1328 3102 Filii
1355 3047 1672 3114 hominis,et
1696 3048 1949 3103 biberitis

300 3142 422 3210 eius
449 3143 792 3210 sanguinem,
825 3156 935 3193 non
958 3137 1165 3192 habetis
1196 3136 1374 3192 vitam
1407 3139 1462 3192 in
1492 3137 1638 3191 vobis
1667 3135 1732 3192 ⁷⁸.

375 3232 425 3282 3.
461 3230 652 3284 Oratio
710 3233 906 3283 autem
962 3227 1280 3282 virtutibus
1336 3228 1650 3296 conjuncta
1715 3242 1842 3298 quas
1874 3227 1943 3282 ad

302 3317 460 3391 piam
492 3319 666 3374 vitam
695 3317 1093 3383 introducunt,
1127 3316 1373 3386 gratiam
1424 3314 1679 3387 Spiritus
1710 3330 1943 3371 conser-

301 3410 570 3477 vat,quae
606 3422 707 3478 per
735 3405 1025 3460 lavacrum
1084 3403 1538 3475 regenerationis
1598 3409 1655 3459 et
1707 3404 1944 3476 partici-

298 3497 595 3568 pationem
630 3494 889 3565 corporis
919 3497 976 3549 et
1014 3493 1321 3564 sanguinis
1376 3492 1589 3548 Christi
1647 3493 1718 3548 iis
1750 3495 1840 3564 qui
1880 3511 1947 3549 ea

301 3585 465 3656 digni
497 3587 638 3638 sunt
669 3581 1016 3638 infunditur.
1051 3582 1164 3637 Nec
1193 3598 1324 3639 vero
1355 3581 1480 3638 sola
1510 3599 1612 3655 per
1634 3600 1694 3639 se
1716 3585 1783 3638 ad
1814 3583 1946 3639 fidei

301 3673 754 3729 fundamentum
814 3673 1172 3728 assumenda
1228 3677 1362 3728 est:
1424 3689 1528 3728 nec
1581 3673 1653 3729 ad
1694 3673 1944 3729 salutem

299 3762 664 3835 precantium
724 3762 1046 3833 quidquam
1107 3761 1344 3817 confert.
1406 3765 1528 3830 Quo
1581 3764 1736 3818 enim
1793 3763 1947 3818 refe-

299 3857 463 3908 retur
501 3852 707 3919 oratio,
768 3851 882 3906 nisi
933 3851 1118 3923 pietas
1176 3851 1360 3919 illam,
1420 3853 1638 3922 Deique
1693 3853 1945 3923 cognitio

300 3944 588 4014 precedat
616 3940 837 4012 ?quem
863 3941 1099 4012 quidem
1124 3956 1324 4007 sensu,
1367 3940 1689 4012 hypostasi,
1730 3945 1786 3994 et
1827 3957 1950 4010 per-

304 4031 500 4101 spicue
529 4029 721 4085 videre
753 4027 972 4084 nemini
1032 4030 1222 4084 adhuc
1277 4045 1478 4084 eorum
1519 4028 1761 4100 contigit
1796 4046 1809 4094 ;
1843 4029 1941 4098 qui

297 4117 514 4175 terreni
537 4118 796 4190 corporis
817 4117 1110 4188 ergastulo
1133 4123 1495 4172 coercentur.
1531 4117 1742 4171 Paucis
1765 4121 1944 4183 certe,

301 4210 491 4282 iisque
521 4209 874 4281 expurgatis,
927 4224 1060 4263 eum
1112 4212 1389 4277 tanquam
1434 4206 1490 4259 in
1534 4205 1858 4277 aanigmatis
1890 4211 1948 4260 et

303 4298 626 4356 visionibus
685 4299 950 4354 obscuris
1017 4296 1362 4368 apparuisse
1401 4299 1648 4350 constat.
1682 4296 1948 4361 Quando-

304 4389 540 4462 quidem
574 4391 774 4454 Moses,
837 4403 970 4441 cum
1032 4384 1297 4457 petiisset
1356 4388 1420 4440 ut
1477 4389 1656 4439 Deum
1701 4384 1943 4451 videret,

304 4478 523 4536 audivit
548 4493 560 4534 :
583 4479 752 4533 Nemo
781 4475 985 4532 videbit
1007 4474 1206 4547 faciem
1237 4481 1502 4543 meam,et
1535 4475 1674 4529 vivet
1697 4475 1741 4509 π
1765 4475 1946 4531 :unde

2073 1897 2368 1970 produxit,
2400 1897 2646 1952 honesta
2704 1901 2759 1951 et
2815 1897 2968 1952 bona
3017 1897 3217 1952 omnia
3251 1897 3484 1964 creavit,
3517 1903 3583 1953 ut
3613 1900 3716 1969 qui

2071 1986 2354 2042 honestus
2385 1989 2440 2040 et
2472 1987 2660 2040 bonus
2694 1990 2867 2040 esset.
2892 1986 3090 2056 Neque
3130 1985 3286 2040 enim
3318 1986 3437 2041 vita
3468 1995 3714 2042 mortem

2069 2078 2328 2147 generat,
2363 2090 2550 2145 neque
2582 2073 2775 2134 lumen
2823 2089 2853 2129 e
2905 2073 3162 2129 tenebris
3209 2074 3411 2129 oritur.
3450 2075 3556 2140 Qui
3589 2075 3714 2131 fieri

2069 2180 2205 2235 ergo
2239 2167 2452 2235 potest,
2485 2166 2550 2218 ut
2579 2162 2796 2218 malum
2831 2178 2864 2216 a
2885 2162 3000 2217 Deo
3033 2162 3273 2218 minime
3317 2166 3575 2219 creatum
3608 2180 3713 2218 na-

2066 2258 2201 2310 tura
2221 2252 2788 2324 enhypostatica,seu
2820 2268 2923 2323 per
2944 2266 3004 2306 se
3025 2251 3385 2308 subsistente
3404 2252 3711 2324 praeditum

2066 2341 2144 2398 sit
2166 2341 2188 2394 ?
2211 2341 2423 2397 Malum
2449 2345 2601 2396 certe
2634 2357 2762 2397 esse
2793 2355 2960 2397 nemo
2993 2340 3102 2395 ibit
3139 2340 3384 2396 inficias.
3419 2342 3480 2396 Id
3514 2347 3708 2397 autem

2064 2431 2349 2486 viventem
2382 2431 2779 2486 etanimatam
2835 2428 3251 2495 substantiam,
3292 2434 3393 2484 aut
3441 2435 3708 2486 naturam

2067 2519 2339 2590 nequitias
2371 2523 2690 2590 parentem,
2726 2535 3048 2590 negamus:
3081 2520 3183 2575 sed
3242 2519 3600 2575 affectionem
3647 2519 3704 2574 in

2063 2609 2262 2664 anima
2291 2608 2503 2664 idcirco
2534 2608 2730 2663 virtuti
2763 2613 3184 2679 repugnantem
3203 2608 3544 2676 asserimus,
3570 2614 3709 2677 quia

2063 2699 2134 2754 ab
2167 2697 2410 2752 honesto
2443 2701 2498 2752 et
2528 2697 2679 2752 bono
2712 2695 2878 2767 lapsa
2908 2697 3006 2766 sit,
3040 2712 3167 2767 quas
3199 2696 3436 2768 quidem
3477 2697 3707 2768 ignavis

2062 2787 2409 2853 innascitur,
2446 2802 2560 2841 non
2593 2785 2982 2852 extrinsecus,
3013 2789 3115 2840 aut
3145 2790 3351 2857 praeter
3385 2785 3566 2841 animi
3601 2803 3705 2841 vo-

2061 2876 2345 2931 luntatem
2381 2892 2393 2930 :
2427 2875 2647 2946 alioqui
2705 2891 2890 2944 neque
2947 2874 3177 2945 legibus
3234 2875 3291 2929 in
3351 2875 3710 2931 facinorosos

2062 2982 2243 3037 poenae
2276 2966 2538 3030 decretae,
2575 2980 2762 3034 neque
2793 2962 3082 3034 supplicia
3111 2963 3168 3017 in
3203 2964 3438 3018 eosdem
3493 2981 3525 3019 a
3548 2964 3708 3034 judi-

2062 3055 2227 3110 c'ibus
2259 3053 2422 3108 illata
2455 3054 2722 3109 fuissent.
2784 3053 2944 3118 Quod
3003 3057 3200 3107 autem
3245 3051 3466 3107 malum
3510 3069 3614 3108 nec
3647 3053 3707 3108 in

2062 3160 2257 3199 rerum
2282 3147 2491 3198 natura
2513 3142 2931 3209 consistat,nec
2949 3159 2980 3195 a
2996 3146 3106 3196 Deo
3122 3143 3472 3212 productum
3495 3142 3590 3206 sit,
3607 3144 3704 3197 sed

2057 3233 2243 3288 eidem
2273 3247 2340 3286 ex
2359 3231 2600 3287 adverso
2625 3230 3070 3302 repugnet,hinc
3096 3231 3467 3302 perspicuum
3494 3231 3705 3286 fiat.Ex

2056 3321 2287 3378 honesti
2322 3319 2888 3393 transgressionibus
2931 3318 3150 3374 malum
3193 3318 3379 3375 oritur
3411 3335 3424 3373 :
3462 3336 3575 3380 non
3607 3335 3701 3374 se-

2056 3427 2160 3467 cus
2192 3419 2364 3482 atque
2393 3410 2692 3466 secedente
2746 3408 2968 3463 lumine
3025 3408 3270 3464 tenebras
3328 3408 3693 3464 succedunt:

2055 3507 2228 3572 atque
2258 3516 2326 3555 ex
2355 3500 2490 3554 boni
2527 3499 2913 3555 declinatione
2962 3515 3309 3571 progressus
3356 3499 3427 3554 ad
3471 3499 3693 3555 malum

2056 3589 2332 3646 nascitur.
2364 3589 2613 3644 Virtutes
2643 3589 2797 3644 enim
2831 3587 3074 3660 singulas
3124 3605 3258 3644 eum
3308 3590 3544 3643 afﬁxam
3585 3587 3698 3643 sibi

2055 3679 2264 3734 vitium
2298 3679 2570 3743 habeant,
2631 3677 2742 3733 nisi
2802 3678 3161 3734 inconcussas
3220 3678 3517 3746 firmaeque
3577 3692 3695 3731 ma-

2057 3768 2621 3838 neant,contrarium
2651 3767 2854 3822 vitium
2879 3765 3280 3820 substituunt:
3309 3766 3701 3836 quemadmo-

2057 3859 2198 3912 dum
2231 3874 2443 3927 corpus
2474 3857 2629 3926 quod
2662 3854 2956 3926 splendori
2997 3853 3138 3908 solis
3187 3853 3540 3925 obtenditur,
3571 3870 3701 3909 um-

2058 3948 2244 4001 bram.
2277 3945 2451 3998 Verbi
2483 3943 2692 4014 gratia,
2724 3957 2860 3996 cum
2892 3942 3171 3996 fortitudo
3203 3948 3482 4013 tanquam
3513 3944 3700 4000 virtus

2058 4032 2430 4090 mediocritas
2469 4031 2566 4100 sit,
2601 4030 3044 4086 contrarietates
3075 4030 3368 4102 ulrinque,
3418 4032 3701 4090 timidita-

2057 4119 2876 4192 tem,inquam,etaudaciam,
2909 4120 3082 4175 tacite
3115 4120 3464 4177 substitutas
3505 4123 3698 4181 habet.

2057 4210 2325 4274 Quandiu
2358 4224 2494 4280 ergo
2527 4209 2696 4263 firma
2752 4212 2809 4263 et
2865 4213 3160 4275 constans,
3192 4226 3416 4281 suoque
3464 4212 3700 4270 nomine

2058 4299 2235 4369 digna
2253 4303 2467 4364 manet,
2502 4297 2798 4353 timiditati
2839 4299 3172 4354 etaudacia:
3197 4299 3393 4356 nullus
3433 4307 3700 4372 superest

2056 4387 2243 4443 locus.
2280 4387 2494 4442 l-larum
2529 4403 2664 4441 vero
2695 4386 2975 4442 alterutra
3005 4387 3338 4460 obrepente,
3363 4389 3466 4445 illa
3495 4391 3701 4448 obscu-

2059 4480 2243 4543 ratur,
2277 4476 2722 4548 venerabileque
2776 4493 2988 4532 nomen
3048 4477 3295 4533 amittit:
3348 4486 3518 4550 atque
3556 4483 3698 4537 adeo

299 4571 514 4642 dignus
547 4569 720 4624 etiam
742 4567 980 4623 habitus
1009 4569 1120 4634 est,
1145 4567 1247 4638 qui
1269 4565 1655 4636 posteriorum
1683 4565 1936 4637 partium
1974 4552 2017 4617 Ι)
2049 4571 2340 4636 tanquam
2373 4565 2638 4620 inaudita
2693 4566 2861 4637 perit,
2920 4570 2978 4620 et
3029 4566 3168 4622 vitia
3223 4584 3256 4622 a
3304 4583 3366 4623 se
3397 4570 3704 4626 ellormata

298 4665 535 4732 aspectu
561 4660 868 4723 frueretur,
899 4673 1262 4729 quaecunque
1310 4657 1543 4712 tandem
1592 4655 1942 4726 posteriores

303 4751 400 4806 Dei
433 4753 627 4822 partes
661 4749 781 4804 sint
815 4765 829 4804 :
862 4747 964 4819 qui
996 4747 1055 4802 in
1113 4746 1386 4802 columna
1442 4745 1640 4814 nubis,
1671 4743 1940 4816 caligine,

296 4844 352 4896 et
384 4840 618 4896 turbine
640 4837 792 4894 venti
824 4839 1040 4903 Mosen,
1072 4839 1130 4892 et
1177 4836 1376 4906 justos
1407 4851 1541 4891 eum
1595 4834 1942 4890 subsecutos

296 4929 588 4987 allocutus
615 4932 723 4984 est.
759 4929 918 4983 Idem
950 4927 1124 4981 etiam
1156 4925 1308 4980 Deus
1366 4941 1520 4980 unus
1577 4927 1666 4980 est
1695 4924 1792 4994 qui
1826 4940 1942 4978 una

294 5021 356 5075 in
383 5017 784 5081 Divinitate,et
804 5016 1195 5087 hypostaseon
1215 5013 1496 5068 Trinitate
1531 5012 1893 5085 dignoscitur
1926 5028 1940 5068 :

296 5124 472 5181 quem
503 5108 561 5163 in
595 5107 780 5174 Patre,
837 5105 978 5161 Filio
1036 5109 1093 5160 et
1121 5103 1338 5176 Spiritu
1376 5103 1709 5159 adoramus.
1755 5106 1944 5174 Atque

296 5199 444 5256 Mosi
483 5197 722 5270 quidem
781 5203 834 5252 et
891 5193 1191 5267 prophetis
1249 5208 1630 5264 personarum
1685 5191 1944 5248 Trinitas

301 5291 546 5346 obscure
573 5291 788 5344 retecta
842 5291 932 5343 est
961 5303 980 5340 :
1039 5284 1098 5338 in
1154 5282 1379 5338 ultimis
1419 5298 1552 5338 vero
1583 5281 1943 5352 temporibus

294 5397 431 5438 cum
465 5379 645 5436 Filius
676 5377 776 5435 Dei
809 5378 1068 5434 nostram
1102 5371 1428 5444 assumpsit
1485 5370 1942 5443 corruptionem,

364 5551 410 5584 ⁷⁸
442 5550 574 5605 Luc.
610 5565 664 5616 κ,
701 5549 784 5606 18.
863 5545 908 5580 ⁷⁵
938 5544 1116 5601 Exod.
1146 5559 1255 5607 XVI,
1292 5543 1358 5596 15
1385 5559 1397 5609 ;
1426 5541 1590 5598 Joan.
1625 5558 1702 5607 v1,
1734 5541 1822 5596 3t.

292 5635 495 5687 χχχιιι,
524 5623 616 5675 20.

1927 5541 1969 5576 ⁷⁸
2004 5541 2110 5596 lea.
2147 5557 2220 5608 v1,
2250 5542 2304 5597 6.

2053 4654 2401 4711 substituit:
2440 4659 2504 4710 ut
2534 4671 2734 4710 arcum
2767 4655 2825 4710 in
2859 4655 3118 4712 nubibus
3149 4655 3446 4728 hypostasi
3467 4659 3702 4731 propria

2053 4747 2346 4800 carentem
2379 4747 2550 4815 atque
2580 4744 2639 4798 in
2663 4744 2785 4800 sole
2819 4744 3146 4815 parhelium
3171 4763 3273 4803 seu
3306 4747 3700 4820 virgam,quos

2053 4833 2264 4906 vulgus
2296 4833 2446 4890 soles
2478 4838 2664 4899 vocat,
2699 4833 2891 4890 videre
2922 4841 3031 4892 est.
3417 4855 3422 4862 ·

2123 4924 2175 4977 5.
2210 4926 2452 4989 Atvero,
2485 4924 2623 4994 quid
2673 4924 2816 4979 adeo
2868 4924 3090 4980 malum
3142 4925 3256 4980 dici
3305 4931 3511 4997 potest,
3544 4929 3699 4999 quod

2055 5029 2169 5068 non
2202 5012 2242 5068 ii
2270 5013 2598 5082 designent,
2620 5013 2718 5084 qui
2765 5029 2912 5084 opus
2942 5029 3114 5069 omne
3153 5015 3483 5086 defugiunt,
3519 5015 3699 5072 nulli-

2054 5117 2166 5173 que
2198 5101 2294 5157 alii
2325 5106 2554 5170 vacant,
2583 5102 2695 5157 nisi
2754 5106 2818 5156 ut
2873 5118 2941 5156 ea
2996 5102 3540 5176 comminiscantur,
3573 5122 3701 5177 quae

2055 5209 2088 5247 a
2117 5207 2248 5246 vero
2281 5207 2523 5262 prorsus
2581 5190 2767 5246 aliena
2825 5191 2991 5246 sint?
3047 5193 3187 5248 Cum
3231 5193 3385 5248 enim
3437 5195 3635 5252 statim
3669 5215 3702 5252 a

2055 5280 2524 5352 transgressione
2547 5279 2846 5336 hominem
2884 5285 3037 5336 Deus
3070 5282 3129 5337 in
3162 5280 3356 5339 labore
3387 5288 3444 5340 et
3492 5287 3703 5342 sudore

2058 5386 2265 5443 panem
2287 5371 2396 5428 sibi
2439 5387 2776 5444 comparare
2819 5373 3088 5442 jusserit,
3135 5373 3468 5448 Paulusque
3509 5385 3701 5449 aperte

2409 5540 2454 5576 ⁷⁷
2483 5542 2650 5600 Joan.
2684 5557 2760 5609 v1,
2793 5539 2883 5596 57.
2990 5540 3033 5577 τε
3069 5543 3214 5600 Ibid.
3248 5545 3334 5602 54.

3435 5546 3482 5582 τ’
3511 5547 3689 5609 Exod.
