4058 6212
449 343 605 408 1335

1771 333 2078 394 ΝΙΟΕΤΕ
2123 331 2556 394 CHONIAT/I

3711 322 3849 384 1336

451 479 776 539 exclamet:
811 476 918 547 Qui
971 492 1077 533 non
1139 475 1350 531 laborat
1402 489 1511 529 non
1572 471 1859 526 manducet
1889 469 1984 526 3°:
2040 468 2098 523 hi
2133 470 2182 535 Α
2285 468 2446 534 Quod
2480 482 2612 524 vero
2645 481 2842 523 semen
2877 463 2933 520 in
2986 461 3249 534 Virginis
3302 462 3533 516 uterum
3585 475 3704 514 una
3733 475 3855 514 cum

450 587 600 642 opus
631 571 782 624 inter
813 569 1049 638 peccata
1102 566 1543 620 recensuerunt.
1602 562 1732 616 Jam
1788 561 1835 616 si
1895 574 2099 614 omnes

450 659 816 726 homines,ut
842 654 938 710 isti
959 653 1184 720 volunt,
1211 652 1456 708 orationi
1509 651 1635 706 sine
1664 647 2099 704 intermissione

452 751 726 806 vacarent
759 763 862 801 nec
895 759 1092 800 eorum
1144 742 1464 813 quidquam
1523 743 1815 808 curarent,
1849 754 1976 808 qua
2028 737 2099 790 ad

454 837 715 909 corporis
759 833 1236 890 constitutionem
1297 829 1609 902 pertinent,
1645 829 1796 882 fame
1858 841 2098 898 prorsus

451 925 640 983 enecti
668 927 912 980 mortem
942 921 1205 976 omnium
1242 919 1492 974 maxime
1515 913 2101 972 miserandamobiis-

457 1016 724 1074 sent.Sed
759 1014 938 1077 dices,
971 1029 1003 1066 ο
1054 1010 1321 1076 Euchita,
1361 1013 1416 1064 te
1463 1007 1662 1062 herbis
1709 1011 1766 1061 et
1814 1004 2102 1059 fructibus

457 1109 661 1178 sponte
685 1121 786 1175 per
806 1102 944 1157 anni
961 1105 1154 1171 partes
1167 1098 1579 1155 enascentibus
1592 1111 1720 1151 esse
1738 1097 2097 1150 contentum.

459 1195 606 1259 Quid
627 1193 654 1248 Τ
685 1208 815 1248 cum
849 1189 952 1246 illa
977 1188 1227 1259 colligis,
1252 1203 1446 1242 nonne
1494 1183 1804 1256 operaria?
1847 1198 2039 1237 nonne
2070 1197 2103 1234 a

457 1282 758 1356 perpetuis
780 1279 897 1336 illis
921 1277 1190 1350 precibus
1215 1277 1285 1331 ad
1317 1281 1550 1345 tempus
1585 1271 1951 1344 supersedes,
1987 1285 2100 1325 non

466 1388 635 1430 secus
658 1374 973 1442 atque,quo
999 1383 1100 1439 per
1126 1367 1306 1422 otium
1342 1365 1512 1420 liceat
1553 1363 1636 1418 ori
1676 1367 1776 1418 tuo
1805 1359 2104 1416 esculenta

463 1476 796 1534 suggerere,
828 1455 1274 1514 cantionesillas
1297 1458 1354 1509 et
1377 1469 1573 1525 preces
1606 1452 1664 1506 in
1704 1455 1868 1506 tuam
1909 1447 2101 1520 perni-

456 1551 602 1608 ciem
635 1553 753 1606 ate
811 1547 939 1602 cani
1000 1544 1214 1611 solitas,
1265 1541 1652 1598 intermittis?
1710 1539 1877 1595 Absit
1923 1537 2102 1607 enim,

457 1644 522 1695 ut
554 1655 651 1693 eas
684 1642 739 1692 te
773 1637 884 1692 Deo
917 1649 1122 1690 canere
1152 1632 1362 1687 dicam.

525 1729 578 1781 6.
615 1725 687 1780 Ut
706 1728 896 1781 autem
951 1723 1171 1776 interea
1191 1720 1332 1774 dum
1365 1719 1435 1774 ab
1487 1717 1645 1772 omni
1668 1730 1839 1787 opere
1880 1731 2105 1770 cessan-

453 1816 618 1880 dum,
642 1828 708 1868 ex
734 1809 991 1866 assiduis
1017 1807 1287 1880 precibus
1310 1805 1732 1878 invigilandum
1757 1820 1880 1859 esse
1903 1804 2096 1870 doces,
2133 1845 2176 1911 Β

459 1903 816 1975 persuadeas
836 1899 930 1967 iis,
963 1914 1103 1967 quos
1125 1897 1242 1952 tuis
1291 1893 1535 1950 initiasti
1590 1893 1906 1965 mysteriis,
1944 1897 2008 1947 ut
2037 1893 2096 1946 in

454 1997 512 2048 te
543 1990 754 2055 solum,
788 1987 888 2059 qui
914 1985 1162 2042 orationi
1195 1984 1485 2054 invigiles,
1512 1983 1843 2055 spirituque
1883 1997 2105 2053 pauper

455 2079 724 2144 exsistas,
757 2073 1200 2132 beneficentiam
1226 2077 1555 2137 exerceant,
1590 2070 1928 2140 nulliusque
1962 2085 2107 2140 prae-

459 2173 614 2225 terea
639 2161 1354 2231 misereantur,Christum
1381 2175 1613 2232 quoque
1637 2165 1839 2214 testem
1865 2158 2104 2229 allegas,

463 2257 560 2330 qui
594 2255 739 2310 citra
769 2253 1056 2309 delectum
1091 2252 1148 2308 in
1202 2265 1684 2320 unumquemque
1727 2247 2108 2319 eleemosyna:

461 2345 682 2399 bonum
717 2339 1144 2398 extendendum
1187 2353 1315 2393 esse
1373 2336 1632 2402 tradidit,
1694 2339 1758 2390 ut
1810 2334 1916 2388 hoc
1944 2338 2110 2404 pacto

466 2435 694 2487 Patrem
728 2429 1047 2493 imitemur,
1077 2426 1175 2498 qui
1207 2425 1265 2481 in
1313 2424 1473 2480 caelis
1495 2429 1604 2490 est,
1636 2425 1732 2494 qui
1752 2423 1922 2479 solem
1948 2439 2108 2477 suum

475 2516 622 2571 oriri
647 2518 1224 2586 facitsuperterram,
1241 2527 1651 2583 quamcunque
1674 2528 1780 2566 suo
1804 2509 2110 2566 lustratia-

477 2604 664 2660 mine:
689 2609 741 2660 et
769 2605 914 2675 ptuit
941 2619 1108 2674 super
1127 2605 1302 2674 justas
1327 2610 1377 2657 et
1444 2602 1674 2671 iniustos
1704 2600 1769 2654 ⁸¹.
1803 2599 1924 2654 Nisi
1955 2598 2108 2654 enim

473 2693 602 2764 ejus
625 2698 682 2749 te
707 2692 1105 2764 misereat,qui
1128 2691 1466 2747 vulneribus
1484 2695 1843 2746 scatetzeum
1876 2687 2111 2756 vestias,

471 2784 573 2854 qui
597 2783 793 2838 nudus
823 2782 1237 2838 oberrat:eum
1258 2779 1508 2852 denique
1550 2780 1794 2844 nutrias,
1829 2777 1928 2849 qui
1961 2778 2112 2831 fame

471 2872 832 2928 contabescit
862 2871 955 2927 :in
982 2886 1320 2942 quemnam,
1354 2886 1573 2940 quaso,
1607 2867 1788 2924 alium
1819 2867 2112 2922 beneficus

471 2960 649 3038 Deum
675 2959 867 3014 coles?
889 2977 958 3015 an
984 2960 1041 3014 in
1068 2957 1552 3030 teipsum?Atqui
1589 2957 1697 3013 hoc
1716 2957 2113 3012 misericordia

474 3064 589 3103 non
647 3052 756 3114 est,
817 3050 914 3104 sed
975 3048 1307 3102 divitiarum
1367 3047 1744 3114 conservatio,
1805 3063 2112 3117 moresque

469 3135 747 3203 hominis,
782 3139 878 3207 qui
929 3143 1131 3193 mutuo
1182 3137 1410 3192 nullum
1461 3153 1658 3192 amore
1717 3135 2109 3207 prosequitur,

2215 557 2398 612 Verbo
2431 555 2766 612 immissum
2792 553 2973 610 fuisse
2999 550 3309 616 fabularis,
3330 549 3387 605 id
3420 565 3453 604 a
3485 547 3652 604 nullo
3675 565 3858 604 rerum

2213 643 2877 714 divinaruminterprets
2936 655 3194 712 unquam
3242 638 3624 709 accepimus:
3662 643 3762 691 aut
3803 641 3860 690 tu

2216 732 2478 804 ﬁgmenti
2510 731 2688 801 hujus
2720 730 2883 786 solus
2915 734 3120 785 auctor
3148 742 3232 794 es,
3257 726 3358 798 qui
3390 729 3544 780 certe
3585 729 3858 795 tanquam

2216 821 2434 876 malum
2467 825 2524 876 et
2553 821 2850 892 ingratum
2884 833 3108 884 semen,
3159 815 3442 884 vanisque
3495 813 3860 869 sermonibus

2216 904 3206 981 gaudens,emersisti.Iniquissime
3227 919 3397 976 porro
3422 909 3697 958 naturam
3723 917 3861 972 quo-

2217 1015 2326 1069 que
2350 998 2602 1053 divinam
2629 996 2942 1052 mutationi
2964 993 3271 1050 obnoxiam
3297 1008 3427 1048 esse
3448 995 3626 1062 atque
3652 989 3860 1046 idcirco

2216 1087 2430 1143 animis
2463 1086 2560 1158 qui
2594 1103 2661 1141 ea
2692 1085 2854 1157 digni
2891 1081 3400 1154 sint,commisceri
3431 1080 3660 1137 dicitis.
3694 1081 3861 1150 Atqui

2215 1193 2408 1232 rerum
2441 1192 2643 1230 carum
2676 1191 2802 1245 qum
2859 1177 3066 1229 creata
3119 1175 3278 1239 sunt,
3312 1169 3564 1225 mutatio
3625 1170 3855 1236 dicitur,

2215 1282 2344 1338 quas
2374 1265 2461 1321 vel
2494 1266 2791 1321 voluntate
2818 1266 3140 1330 mutantur,
3200 1267 3268 1316 ut
3323 1259 3536 1328 angeli,
3572 1263 3629 1313 et
3657 1257 3858 1314 anima

2215 1355 2467 1427 proutin
2506 1355 2658 1410 bono
2692 1353 3026 1426 proﬁciunt,
3061 1355 3117 1407 et
3150 1351 3223 1406 ad
3258 1347 3477 1404 malum
3522 1354 3855 1403 moventur:

2213 1445 2303 1500 vel
2336 1445 2472 1516 quia
2493 1448 2696 1500 create
2729 1447 2786 1498 et
2813 1440 3124 1498 mutationi
3154 1439 3412 1495 obnoxiae
3431 1441 3665 1502 sunt,ut
3688 1437 3860 1506 quid-

2216 1534 2353 1605 quid
2387 1533 2786 1605 corrumpitur
2815 1536 2872 1587 et
2899 1530 3099 1586 interit
3127 1545 3140 1584 :
3185 1527 3382 1600 qualia
3429 1531 3598 1594 sunt,
3629 1542 3761 1597 qua
3803 1524 3858 1579 in

2217 1624 2437 1679 mundo
2469 1627 2790 1678 cernuntur
2819 1620 3036 1676 omnia.
3078 1621 3227 1675 Deus
3265 1621 3461 1673 autem
3493 1630 3684 1686 neque
3716 1631 3863 1670 crea-

2214 1717 2328 1782 tus,
2363 1728 2552 1784 neque
2578 1711 2887 1767 mutationi
2922 1707 3210 1765 obnoxius
3241 1710 3350 1762 est.
3386 1705 3534 1772 Quia
3584 1704 3738 1759 enim
3771 1720 3864 1759 es-

2218 1803 2416 1858 sentiaa
2449 1803 2577 1873 ejus
2608 1801 2754 1857 ratio
2785 1800 2856 1855 iis
2887 1797 3180 1855 contraria
3203 1801 3312 1865 est,
3343 1812 3472 1868 qua:
3503 1794 3860 1865 generationi

2215 1891 2464 1947 obnoxia
2494 1895 2653 1957 sunt,
2687 1906 2755 1945 ea
2778 1890 2850 1946 de
2880 1905 3057 1944 causa
3104 1903 3212 1943 nec
3260 1885 3334 1940 iis
3376 1884 3716 1955 subjicitur,
3748 1884 3864 1954 qui-

2213 1981 2326 2036 bus
2359 1981 2458 2036 illa
2489 1979 2699 2050 subjici
2733 1978 2940 2034 solent.
2975 1977 3081 2033 Illa
3110 1976 3263 2031 enim
3318 1972 3562 2029 mobilia
3601 1977 3744 2028 sunt
3772 1971 3861 2027 hic

2215 2074 2410 2126 autem
2445 2074 2655 2124 natura
2711 2066 3033 2123 immobilis
3091 2069 3215 2122 est:
3276 2068 3334 2119 et
3390 2079 3574 2134 supra
3602 2067 3860 2117 motusa

2219 2158 2582 2232 philosophis
2613 2157 2956 2229 descriptos,
3015 2153 3381 2226 quantitatis,
3445 2150 3766 2223 qualitatis,
3807 2158 3861 2206 et

2217 2246 2325 2302 loci
2359 2263 2562 2317 expers
2596 2264 2608 2302 :
2646 2245 2838 2302 modis
2894 2243 3144 2314 denique
3200 2241 3480 2298 omnibus
3523 2240 3857 2294 immutabi-

2220 2335 2314 2391 lis.

2289 2426 2343 2479 9.
2369 2427 2552 2491 Quam
2577 2441 2710 2480 vero
2743 2423 2992 2495 impium
3024 2423 3134 2478 hoc
3173 2435 3410 2494 quoque
3467 2418 3667 2474 dicitis
3714 2418 3867 2490 quod

2223 2514 2541 2570 humanam
2577 2519 2842 2568 naturam
2877 2512 3030 2568 Deus
3090 2511 3455 2566 daemonibus
3516 2509 3736 2564 servire
3779 2524 3870 2559 vn-

2224 2604 2392 2659 Iucrit
2419 2621 2432 2660 :
2457 2603 2595 2658 hinc
2615 2603 2769 2658 enim
2797 2607 2976 2658 Deum
3003 2616 3236 2672 quoque
3257 2604 3556 2654 auctorem
3585 2597 3874 2652 malorum

2221 2709 2349 2748 esse
2380 2693 2577 2748 inferri
2613 2697 2827 2764 posset.
2863 2697 2938 2746 At
2970 2707 3083 2745 non
3137 2690 3220 2744 ita
3249 2705 3311 2744 se
3351 2704 3443 2744 res
3484 2687 3667 2743 habet
3709 2705 3723 2742 :
3756 2689 3868 2742 imo

2219 2799 2354 2838 vero
2387 2782 2686 2837 hominem
2719 2781 2809 2835 sui
2832 2780 3009 2850 juris,
3043 2784 3097 2833 et
3129 2795 3162 2833 a
3190 2779 3529 2834 daemonum
3580 2776 3871 2832 consortio

2221 2876 2278 2928 et
2307 2870 2731 2926 consuetudine
2762 2869 3019 2924 alienum
3073 2872 3224 2923 Deus
3275 2865 3625 2922 eﬁ‘ormavit.
3661 2865 3873 2920 Daemo-

2221 2979 2327 3017 nes
2363 2977 2530 3032 porro
2562 2963 2905 3029 potestatem
2939 2961 3150 3012 natura
3197 2972 3307 3011 non
3357 2955 3553 3011 solum
3598 2954 3659 3009 in
3691 2955 3870 3010 homio

2221 3068 2346 3119 nes,
2371 3052 2469 3107 sed
2505 3067 2574 3106 ne
2607 3051 2663 3104 in
2721 3049 2890 3104 bruta
2944 3047 3180 3120 quidem
3233 3061 3501 3102 exercere
3544 3061 3739 3114 posse,
3787 3043 3868 3100 vel

2222 3143 2356 3197 hinc
2389 3145 2562 3212 patet,
2591 3141 2745 3212 quod
2781 3139 2862 3194 illi
2914 3139 3086 3209 jussu
3137 3137 3350 3192 Christi
3410 3136 3469 3191 in
3519 3153 3729 3207 porcos
3783 3137 3868 3189 in-

458 3229 580 3281 imo
613 3225 786 3281 etiam
801 3225 1020 3298 privata
1042 3227 1309 3298 quaedam
1334 3226 1914 3298 ingurgitatio,quam
1942 3242 2110 3281 nemo
2151 3215 2194 3282 C
2223 3232 2410 3304 gressi
2432 3232 2552 3286 sint
2580 3229 2646 3286 ⁸³.
2706 3228 2923 3284 Verum
2981 3227 3137 3283 enim
3199 3242 3327 3281 vero
3388 3224 3611 3282 Paulus
3643 3239 3870 3296 quoque

465 3331 580 3369 non
613 3315 751 3369 vitio
782 3319 986 3369 vertat.
1021 3314 1192 3370 Absit
1217 3331 1350 3369 vero
1373 3331 1405 3369 a
1429 3315 1597 3369 nobis
1627 3319 1787 3370 tanta
1825 3316 2106 3370 inhuma-

464 3401 941 3456 nitas.Diabolica
973 3403 1091 3456 haec
1117 3403 1401 3468 doctrina,
1421 3407 1526 3457 eta
1547 3403 1762 3458 Christi
1809 3407 2108 3475 praeceptis

465 3487 655 3545 aliena
685 3494 790 3544 est.

533 3579 588 3632 7.
613 3580 878 3644 Quonam
911 3583 1096 3634 autem
1121 3579 1385 3647 artiﬁcio,
1420 3580 1564 3635 heus
1588 3586 1672 3646 tu,
1702 3581 1934 3636 interim
1964 3583 2105 3638 dum

465 3669 716 3725 orationi
741 3686 934 3738 vacas,
961 3674 1263 3741 peccatum
1299 3675 1465 3725 tuum
1515 3671 1657 3726 fumi
1701 3677 1755 3726 et
1784 3671 1952 3742 ignis,
1985 3674 2106 3728 sive

459 3759 685 3814 cruenti
711 3759 886 3814 etiam
919 3759 1192 3814 draconis
1219 3760 1429 3825 instar,
1457 3765 1552 3814 tuo
1575 3760 1849 3816 excedere
1870 3777 2107 3832 corpore

461 3847 685 3903 videbis
706 3848 734 3903 ?
758 3847 927 3904 Nullo
951 3865 1233 3920 prorsus:
1261 3849 1908 3922 nisidsemonum,quos
1938 3850 2102 3916 colis,

461 3935 678 4008 aliquis
735 3945 792 3992 te
850 3937 1021 3993 solita
1073 3954 1351 3993 vesanum
1413 3939 1607 4008 adigat
1662 3939 2012 4010 impostura,
2045 3946 2107 3994 ut

460 4026 767 4098 orzestigiis
799 4027 1135 4098 huiusmodi
1159 4029 1379 4094 credas,
1414 4029 1584 4099 cujus
1623 4029 1798 4084 etiam
1844 4029 1991 4083 dolis
2022 4029 2102 4096 fit,

461 4123 527 4175 ut
550 4127 741 4174 mente
763 4123 968 4191 captus
996 4120 1266 4190 precibus
1291 4120 1406 4174 tuis
1431 4119 1562 4190 plus
1600 4119 1894 4189 ponderis,
1926 4137 2104 4190 quam

470 4207 664 4263 divino
717 4209 1077 4280 baptismati,
1134 4209 1441 4277 attribuas,
1502 4211 1570 4263 ad
1632 4210 2102 4279 consequendam

464 4303 830 4370 peccatorum
867 4299 1295 4366 remissionem,
1336 4315 1735 4369 manuumque
1786 4299 2106 4368 impositio-

465 4405 624 4457 nem,
659 4404 785 4458 quae
809 4388 1154 4443 sacerdotali
1178 4387 1254 4442 sit
1275 4386 1662 4457 excellentior,
1687 4392 1741 4442 et
1773 4387 1894 4443 sola
1925 4387 2101 4442 divini

465 4476 723 4548 Spiritus
755 4492 1051 4532 accessum
1086 4481 1386 4548 suggerat:
1435 4477 1533 4547 qui
1595 4481 1744 4532 certe
1779 4477 2103 4548 baptiSmus

2218 3322 2303 3378 sic
2334 3323 2416 3377 ait
2456 3339 2469 3377 :
2498 3322 2614 3377 Non
2643 3325 2719 3375 est
2750 3319 2901 3375 nobis
2931 3326 3211 3374 certamen
3240 3317 3503 3373 adversus
3541 3319 3870 3387 sanguinem

2217 3421 2268 3466 et
2295 3429 2538 3478 carnem,
2571 3410 2662 3465 sed
2692 3410 2950 3464 adversus
2980 3409 3343 3478 principatus,
3397 3405 3664 3461 adversus
3727 3418 3870 3477 pole-

2214 3504 2402 3567 states,
2429 3499 2686 3554 adversus
2706 3497 3028 3570 spiritualia
3079 3497 3342 3568 nequitia:
3387 3494 3582 3550 mundi
3607 3496 3776 3566 hujus
3807 3496 3870 3561 εἴ,

2217 3590 2386 3661 quasi
2410 3589 2577 3644 nobis
2604 3605 2734 3643 cum
2756 3587 2855 3643 illo
2877 3588 3135 3643 conferre
3161 3586 3367 3657 pedem
3412 3585 3875 3641 formidantibus

2217 3680 2445 3735 animos
2479 3679 2722 3743 addens,
2755 3682 2931 3748 atque
2983 3675 3076 3730 his
3128 3674 3324 3730 verbis
3356 3689 3676 3729 exacuens:
3712 3676 3876 3730 Assu-

2215 3771 2346 3824 mite
2377 3773 2720 3822 armaturam
2755 3766 2868 3831 Dei,
2903 3769 2964 3820 ut
2992 3763 3211 3835 possitis
3243 3761 3504 3819 resistere
3537 3761 3583 3796 ⁸⁸
3639 3762 3872 3818 insidiis

2216 3857 2527 3912 adversarii
2589 3855 2826 3911 diaboli.
2877 3855 3234 3908 Enumerata
3298 3852 3508 3907 deinde
3567 3856 3870 3906 armatura

2215 3946 2335 4001 haec
2358 3961 2590 4016 quoque
2621 3943 2947 4000 subinfert:
2984 3945 3160 3998 Estote
3199 3941 3492 4013 praecincti
3532 3941 3732 3994 lumbis
3771 3957 3875 3995 ve-

2215 4037 2345 4090 stris
2377 4037 2434 4089 in
2471 4034 2714 4099 veritate,
2741 4039 2792 4087 et
2818 4031 3002 4086 induti
3023 4031 3300 4086 thoracem
3311 4031 3572 4101 justitiae,
3605 4030 3879 4085 calceati-

2217 4141 2319 4194 que
2347 4127 2511 4194 pedes
2542 4125 2601 4178 in
2631 4121 3038 4193 preparation
3071 4119 3360 4188 Evangelii
3402 4121 3579 4189 pacis.
3602 4120 3664 4174 In
3689 4119 3879 4174 omni-

2217 4215 2313 4267 bus
2343 4217 2674 4267 assumentes
2705 4220 2920 4266 scutum
2951 4208 3098 4278 ﬁdei,
3134 4209 3191 4262 in
3242 4223 3349 4279 quo
3388 4207 3649 4279 poteritis
3685 4209 3886 4263 omnia

2214 4303 2324 4356 tela
2360 4301 2599 4370 maligni
2621 4302 2793 4372 ignita
2827 4300 3182 4368 exstinguere
3201 4297 3417 4355 ".Item
3443 4314 3456 4350 :
3478 4296 3709 4352 Galeam
3728 4298 3888 4352 salu-

2212 4392 2284 4445 tis
2312 4391 2596 4456 assumz‘te,
2629 4398 2682 4445 et
2711 4387 2958 4457 gladium
2997 4388 3264 4458 Spiritus,
3325 4385 3468 4457 quod
3522 4393 3608 4442 est
3655 4387 3888 4442 verbum

2218 4481 2311 4535 Dei
2338 4479 2402 4535 ⁸⁸.
2437 4480 2496 4534 Si
2555 4481 2688 4549 quis
2745 4481 2850 4533 hac
2910 4483 3204 4533 armatura
3251 4477 3645 4547 praamunitus
3681 4477 3881 4542 fuerit,

462 4583 496 4620 ι
523 4565 692 4620 nobis
723 4563 1060 4619 orthodoxis
1091 4565 1323 4619 initium
1384 4569 1441 4620 et
1494 4566 1938 4620 fundamentum
1969 4566 2102 4620 ﬁdei
2137 4583 2180 4645 D
2213 4584 2337 4639 quae
2368 4567 2896 4638 telorumjactibus
2929 4565 3010 4620 ita
3044 4565 3294 4633 resistit,
3327 4569 3616 4636 tantoque
3649 4565 3886 4638 fulgore

466 4658 776 4708 censetur:
805 4657 978 4722 atque
1000 4653 1142 4706 adeo
1174 4669 1369 4718 causa,
1399 4669 1529 4723 quae
1581 4657 1850 4708 sanctum
1894 4655 1961 4708 ad
1997 4670 2102 4710 nos

463 4739 740 4812 Spiritum
775 4739 1077 4804 alliciat,ut
1094 4740 1440 4795 confirmare
1475 4759 1701 4812 possum
1721 4759 1789 4796 ex
1821 4758 2101 4797 manuum

462 4829 962 4902 impositionibus,
997 4844 1123 4900 quae
1157 4829 1213 4882 in
1243 4827 1544 4900 discipulis
1576 4831 1784 4885 Christi
1821 4836 1950 4902 post
2000 4832 2099 4887 ba-

459 4923 765 4995 ptismum,
805 4925 916 4975 tum
943 4920 1208 4974 efﬁcaces
1242 4921 1496 4989 fuerunt,
1529 4926 1593 4976 ut
1625 4920 1810 4991 palam
1851 4921 2101 4993 Spiritus

456 5013 854 5070 descenderet.
893 5011 1047 5067 Idem
1108 5009 1331 5082 Virgini
1377 5028 1608 5081 quoque
1654 5011 1844 5067 Mariis
1878 5012 2100 5067 inhabi-

452 5109 586 5160 tans
611 5120 736 5160 eam
754 5099 1097 5173 praeparavit
1127 5106 1182 5155 et
1240 5099 1640 5167 sanctificavit,
1676 5106 1740 5155 ut
1767 5101 1839 5156 ab
1889 5119 1954 5156 co
1985 5120 2099 5158 non

454 5209 623 5251 secus
639 5203 815 5262 atque
830 5189 1020 5244 divino
1035 5188 1274 5259 templo,
1289 5187 1474 5244 Verbu
1492 5206 1546 5242 m
1565 5189 1664 5243 Dei
1680 5189 2099 5260 conciperetur,

452 5287 508 5338 et
536 5283 616 5337 ita
647 5288 858 5337 nostrae
919 5276 1126 5332 salutis
1186 5276 1478 5347 primitias
1535 5277 1788 5348 Spiritus
1829 5283 2103 5348 operatus

458 5375 566 5436 est,
588 5367 768 5424 simul
801 5372 975 5437 atque
1007 5365 1233 5436 Virgini
1268 5365 1452 5421 virtus
1486 5363 1794 5432 Altissimi,
1829 5371 1993 5423 Patre
2022 5368 2104 5425 ita

455 5456 704 5523 volente,
731 5454 1115 5512 obumbravit.

535 5574 582 5607 ⁸ο
612 5575 1001 5656 I_I.'I:hess._i_u,
1035 5581 1118 5633 10.
1197 5580 1239 5614 εί
1277 5581 1454 5636 Matth
1514 5599 1566 5650 v,
1601 5583 1687 5635 45.
1766 5582 1811 5616 ⁸⁸
1843 5581 2047 5638 Matth.
2082 5600 2104 5637 v

2237 5585 2298 5638 31
2335 5601 2497 5656 seqq.

461 5646 550 5704 ﬂ.
629 5643 676 5677 '°
707 5643 852 5698 Ibid.
882 5649 969 5705 t7.

2216 4656 2703 4728 resplendet,quis
2733 4657 2956 4710 daemon
2994 4659 3197 4711 contra
3227 4657 3517 4721 occurret,
3537 4669 3648 4709 nec
3682 4656 3885 4726 potius

2213 4764 2453 4803 aversus
2479 4765 2550 4802 au
2564 4746 2764 4819 fugiet,
2793 4747 2849 4802 in
2873 4745 3080 4817 primis
3111 4745 3160 4801 si
3193 4743 3410 4800 talibus
3435 4743 3621 4801 armis
3649 4746 3886 4801 instru-

2212 4842 2339 4892 ctus
2360 4836 2674 4891 orationem
2707 4840 2765 4891 et
2786 4835 3072 4906 jejunium
3102 4833 3349 4889 asciscat
3371 4832 3399 4886 ?
3419 4833 3886 4899 orationem,in-

2211 4941 2410 4995 quam,
2446 4941 2556 4978 non
2593 4923 2825 4996 qualem
2899 4940 3003 4979 vos
3057 4921 3345 4978 curiosius
3402 4923 3716 4992 exercetis,
3750 4940 3888 4994 qua

2212 5029 2405 5068 revera
2427 5011 2651 5067 inutilis
2676 5022 2780 5079 est,
2814 5027 2918 5066 nec
2966 5011 3296 5083 eﬂ‘ugandis
3328 5009 3708 5066 damonibus
3760 5013 3890 5068 ido-

2216 5117 2343 5155 nea.
2378 5101 2483 5163 Qui
2510 5101 2662 5156 enim
2699 5101 2821 5156 ﬁeri
2856 5103 3068 5173 potest,
3105 5104 3169 5154 ut
3226 5098 3325 5169 qui
3389 5098 3746 5156 inﬁdelitate
3795 5117 3888 5172 ge-

2218 5190 2376 5255 stiat,
2409 5206 2514 5244 nec
2547 5189 2899 5262 baptismate
2924 5190 3000 5245 sit
3031 5189 3318 5260 expiatus,
3349 5188 3582 5259 jejunio
3645 5199 3703 5244 et
3761 5207 3890 5246 ora-

2214 5281 2367 5336 tione
2401 5282 2690 5336 daemonas
2721 5280 2933 5351 ejicere
2964 5279 3172 5351 possit,
3217 5276 3545 5351 quamlibet
3601 5286 3664 5335 et
3725 5280 3892 5336 fama

2213 5370 2744 5439 disrumpatur,aut
2765 5368 3048 5425 orationis
3071 5367 3444 5424 vehementia
3465 5371 3839 5439 prafocetur
3867 5371 3893 5423 ?

2213 5459 2468 5523 Quorum
2497 5457 2648 5513 enim
2683 5459 2829 5514 ﬂdes
2862 5458 3108 5530 reproba
3137 5462 3195 5514 et
3225 5457 3463 5513 inﬁrma
3489 5464 3600 5528 est,
3637 5476 3889 5517 eorum-

2588 5582 2635 5618 ⁸³
2665 5583 2874 5656 Ephes.
2909 5600 2982 5650 νι,
3019 5585 3102 5639 12.
3191 5583 3236 5618 ⁸⁸
3268 5581 3412 5638 Ibid.
3447 5583 3540 5676 t3.
3645 5585 3693 5621 ⁸⁵
3725 5588 3886 5642 Ibid.
