4090 6192
299 350 451 412 1337

1636 336 2041 405 THESAURI
2089 343 2234 404 LIB.
2284 343 2384 405 IV.

3552 342 3708 404 1338

295 485 429 542 dem
456 497 690 555 quoque
723 495 899 552 opera
931 477 1160 534 inutilia
1192 479 1347 533 sunt.
1373 477 1533 544 Quod
1568 477 1616 532 si
1667 479 1840 545 Deus,
1884 479 1948 530 ut
1978 476 2029 543 Α
2061 477 2306 533 cmtibus
2338 478 2642 536 hominum
2677 482 2957 536 venentur
2987 497 2998 534 :
3033 477 3111 534 ita
3148 482 3210 534 ut
3246 478 3354 535 hoc
3387 481 3553 550 pacto
3585 495 3711 534 rur-

297 573 518 642 dicitis,
549 576 817 626 naturam
850 568 1170 622 humanam
1227 569 1559 622 daemonum
1620 569 1950 622 consortem

299 663 530 721 ratione
589 657 1075 728 transgressionis
1122 671 1250 712 esse
1318 656 1585 722 voluerit,
1647 654 1744 728 qui
1803 654 1950 723 fieri,

299 767 524 826 quaeso,
559 748 838 820 potuit,ut
866 747 1132 802 Christus
1161 750 1431 802 naturam
1469 746 1811 810 humanam,
1843 761 1949 800 us-

298 857 414 914 que
445 839 586 894 adeo
621 840 856 908 peccato
887 836 1232 906 subjectum,
1269 849 1450 905 usque
1493 835 1634 889 adeo
1670 832 1949 890 daemoni-

298 930 410 986 bus
441 927 776 990 obnoxiam,
835 924 1246 997 assumpserit,
1307 926 1387 980 ita
1449 931 1510 978 ut
1566 924 1687 994 ipse
1718 939 1950 996 quoque

289 1017 680 1090 malignorum
706 1014 1199 1084 adversorumque
1221 1012 1534 1085 spirituum
1562 1013 1947 1068 contuberna-

289 1107 364 1162 lis
395 1101 968 1177 deprehenderetur?
999 1107 1068 1158 At
1100 1101 1206 1157 hoc
1257 1100 1495 1173 quidem
1548 1101 1796 1156 maxime
1847 1101 1949 1156 im-

293 1196 457 1269 pium
489 1203 597 1264 est,
632 1193 749 1248 imo
809 1209 841 1248 a
883 1191 1247 1246 daemonibus
1307 1189 1452 1262 ipsis
1509 1191 1835 1260 inventum,
1894 1195 1950 1246 et

293 1281 1025 1357 excogitatum.Hominem
1055 1285 1210 1336 certe
1267 1279 1756 1352 transgressionis
1808 1296 1944 1352 ergo

289 1376 467 1432 morti
487 1373 860 1431 adiudicavit.
883 1373 1010 1428 lam
1035 1371 1260 1427 naturis
1282 1373 1452 1427 morti
1473 1371 1740 1428 obnoxiis
1763 1371 1946 1428 morbi

294 1465 612 1537 obrepunt.
646 1463 820 1518 Porro
848 1459 933 1516 vel
966 1461 1074 1516 hoc
1133 1465 1298 1532 pacto
1355 1477 1422 1516 ea
1476 1464 1762 1533 potestate
1801 1478 1949 1533 prte-

298 1554 454 1611 ditus
493 1553 666 1608 homo
689 1555 870 1621 est,ut
901 1551 1264 1606 daemonibus
1323 1549 1628 1614 insultare,
1672 1565 1849 1621 seque
1880 1567 1948 1606 ex

299 1641 532 1698 illorum
566 1640 793 1713 laqueis
832 1639 1102 1711 expedire
1131 1640 1335 1712 possit,
1359 1639 1409 1694 si
1443 1639 1614 1694 modo
1668 1641 1762 1695 Dei
1802 1657 1948 1712 prae-

299 1731 485 1804 ceptis
517 1730 758 1802 obsequi
793 1734 1018 1802 pergat,
1042 1730 1288 1800 ejusque
1322 1727 1612 1784 mandatis
1635 1728 1944 1802 obtempe-

297 1826 403 1880 ret.
441 1820 809 1876 Daemonibus
861 1819 968 1875 hoc
1025 1817 1280 1874 vicissim
1339 1818 1542 1873 datum
1575 1823 1682 1884 est,
1717 1823 1777 1873 ut
1811 1835 1943 1874 cum
1978 1841 2024 1906 Β

296 1925 462 1967 camo
494 1915 550 1964 et
579 1910 763 1978 freno,
797 1907 1015 1980 quibus
1049 1924 1155 1963 nos
1217 1925 1251 1961 a
1297 1907 1413 1963 Deo
1444 1907 1800 1973 distrahunt,
1833 1906 1942 1963 ali-

293 1999 530 2072 quando
563 1997 734 2054 nobis
759 1999 830 2054 ob
863 1996 1065 2053 oculos
1095 1995 1776 2069 proponant,aliquando
1797 1995 1944 2052 clam

295 2092 635 2160 suggerant,
683 2087 995 2159 aliquando
1053 2086 1306 2158 denique
1372 2084 1574 2141 dolose
1643 2084 1941 2156 simulent,

294 2178 584 2250 taciteque
615 2176 934 2233 obtrudant
965 2190 1327 2248 quaecunque
1359 2191 1392 2230 a
1450 2177 1601 2232 recto
1633 2174 1854 2231 tramite
1884 2174 1943 2230 in

296 2266 616 2340 praecipitia
647 2266 909 2322 trahunt.

367 2384 454 2438 10.
486 2381 704 2454 Papa!
760 2387 1049 2454 quantum
1106 2380 1369 2436 deliratis
1426 2381 1626 2448 etiam,
1686 2397 1819 2436 cum
1873 2396 1946 2436 ne

293 2472 469 2527 Verbi
530 2471 760 2542 quidem
801 2474 1020 2542 mystas
1087 2475 1145 2524 et
1201 2469 1444 2525 comites
1504 2486 1537 2524 a
1611 2469 1942 2525 daemonum

298 2565 586 2635 potestate
617 2561 832 2616 liberos
864 2560 1044 2616 fuisse
1072 2559 1266 2615 dicitis
1293 2559 1304 2613 l
1339 2562 1547 2624 Eosne,
1579 2575 1612 2614 o
1654 2563 1741 2613 ter
1783 2574 1943 2613 exse-

299 2648 632 2720 crandi,qui
656 2649 949 2704 daamonas
969 2647 1318 2718 ejiciebant?
1338 2647 1440 2718 qui
1460 2645 1546 2702 vel
1561 2645 1703 2702 solis
1717 2645 1944 2701 umbris

292 2739 560 2795 inﬁrmos
591 2736 918 2793 curabant?
947 2736 1047 2808 qui
1079 2736 1374 2792 daemonas
1406 2751 1806 2808 stepenumero
1827 2753 1940 2790 non
1997 2751 2002 2756 ·

292 2845 465 2885 secus
491 2833 666 2898 atque
695 2826 831 2883 vilia
862 2827 1153 2898 mancipia
1179 2825 1578 2895 increpabant,
1629 2825 1728 2896 qui
1780 2842 1940 2881 scor-

297 2919 423 2988 pios
446 2923 502 2972 et
533 2922 853 2988 serpentes,
885 2932 1115 2971 omnem
1165 2915 1418 2986 denique
1469 2914 1690 2970 inimici
1745 2922 1940 2985 poten-

297 3006 437 3063 tiam
473 3005 719 3077 pedibus
751 3003 1226 3076 proterebant?0
1265 3003 1460 3059 scelus
1493 3002 1654 3059 nulla
1677 3020 1935 3074 unquam

289 3097 458 3150 venia
488 3093 730 3166 dignum
757 3094 769 3148 l
805 3111 838 3149 ο
870 3093 1092 3149 dictum
1125 3093 1196 3147 ab
1227 3093 1386 3148 omni
1413 3091 1631 3147 ratione
1653 3091 1935 3160 alienum,

286 3181 460 3250 cujus
491 3184 754 3236 auctores
786 3178 946 3249 digni
979 3183 1137 3246 sunt,
1194 3179 1293 3250 qui
1355 3179 1570 3250 pugnis
1627 3177 1938 3234 conﬁcian-
1967 3197 2011 3261 ρ

288 3271 402 3324 tur.

362 3396 445 3449 11.
480 3394 987 3460 Quemadmodum
1022 3395 1059 3447 ii
1093 3409 1324 3464 quoque
1356 3393 1454 3464 qui
1485 3392 1711 3460 dicunt,
1733 3393 1803 3448 ab
1834 3409 1933 3450 eo-

282 3499 414 3540 rum
450 3484 670 3551 anima,
705 3483 803 3553 qui
837 3482 991 3554 quod
1024 3481 1283 3544 ἀπάθειαν
1343 3481 1538 3554 adepti
1592 3487 1753 3548 sunt,
1806 3499 1932 3554 per-

279 3571 416 3627 fecti
453 3571 614 3642 apud
644 3588 745 3626 vos
778 3570 1092 3639 habentur,
1124 3572 1241 3626 tale
1265 3570 1623 3627 consortium
1655 3587 1725 3628 ex
1768 3571 1932 3627 caele-

278 3661 393 3717 stis
433 3660 640 3731 Sponsi
705 3661 1012 3732 praesentia
1068 3660 1308 3732 percipi,
1366 3659 1540 3732 quale
1594 3661 1810 3717 femina
1866 3677 1933 3716 ex

283 3752 477 3806 mariti
512 3750 812 3822 complexu
877 3751 1168 3822 percipere
1222 3749 1390 3806 solet.
1423 3750 1467 3805 Ο
1522 3755 1772 3820 apertam
1831 3751 1930 3806 de-

284 3842 590 3911 mentiam,
652 3858 753 3898 seu
825 3842 1017 3913 potius
1101 3842 1594 3914 comparationem
1683 3843 1932 3898 maxime

289 3931 550 3987 omnium
584 3931 942 3986 absurdam!
994 3931 1044 3986 si
1103 3930 1307 3986 saltem
1340 3931 1611 4002 ignorent
1658 3949 1718 3986 se
1757 3932 1932 3987 rebus

292 4020 507 4076 divinis
539 4024 594 4074 et
623 4019 970 4076 castissimis
995 4035 1058 4074 eo
1081 4019 1492 4075 contumeliam
1519 4020 1743 4084 afferre,
1775 4021 1929 4090 quod

291 4125 389 4166 eas
431 4125 562 4165 cum
591 4107 840 4179 pathicis
862 4113 918 4162 et
947 4107 1206 4162 venereis
1248 4106 1538 4161 illecebris
1586 4107 1884 4161 conferant
1916 4123 1928 4162 :

289 4195 706 4268 pueriliumquc
787 4193 1180 4265 cylindrorum
1258 4192 1452 4248 ﬂuxus
1495 4191 1768 4248 effrenata
1827 4209 1934 4248 sua

289 4285 532 4340 audacia
585 4282 1104 4354 coniunctionibus
1176 4281 1250 4335 iis
1308 4283 1602 4352 adaptent,
1665 4298 1793 4352 quas
1860 4283 1932 4337 ab

286 4374 588 4430 eﬂ‘ectibus
622 4371 956 4445 bujusmodi
1014 4370 1389 4427 alienissimae
1447 4374 1633 4426 sunt:
1670 4371 1718 4426 si
1775 4372 1934 4428 deni-

291 4479 403 4534 que
435 4479 526 4518 res
557 4462 780 4518 divinas
812 4477 926 4533 prae
954 4459 1248 4532 imperitia
1278 4475 1410 4515 cum
1468 4459 1743 4516 humanis
1773 4477 1934 4516 com-

287 4560 514 4624 parent.

365 4651 449 4705 12.
484 4651 600 4706 Nec
621 4667 752 4706 vero
801 4668 832 4706 a
879 4649 1286 4722 praadictorum
1321 4649 1683 4722 blasphemia
1713 4651 1929 4707 abhor-

286 4746 395 4811 ret,
427 4742 578 4815 quod
608 4741 803 4796 dicitis
833 4741 1090 4796 animam
1116 4741 1264 4811 ejus,
1297 4741 1395 4812 qui
1447 4741 1610 4813 prius
1662 4743 1739 4798 sit
1797 4738 1927 4795 ἄπά-

283 4832 429 4885 θείαν
460 4831 898 4895 consecutus,in
925 4831 1177 4886 divinam
1203 4831 1580 4886 transmutari
1599 4835 1870 4887 naturam
1909 4847 1922 4888 :

279 4921 356 4976 ita
385 4930 444 4976 ut
477 4929 666 4976 vestra
699 4919 798 4975 illa
830 4919 1315 4975 decantatissima
1371 4919 1552 4976 oratio
1593 4937 1692 4977 eos
1749 4921 1924 4978 etiam

279 5012 380 5083 qui
414 5012 492 5067 dii
526 5016 737 5066 natura
767 5014 906 5066 sunt
929 5011 1204 5081 proferre,
1239 5014 1413 5082 atque
1451 5012 1734 5084 gregatim
1769 5013 1923 5083 apud

277 5118 403 5165 vos.
437 5119 469 5156 ο
502 5101 730 5157 ridiculi
753 5099 1042 5167 homines,
1077 5100 1245 5172 quasi
1278 5099 1632 5171 quibusdam
1678 5101 1924 5157 stabulis

275 5191 454 5248 simul
515 5189 812 5246 includere
873 5189 1072 5244 norit:
1130 5189 1228 5261 qui
1289 5206 1403 5244 non
1459 5189 1650 5244 solum
1684 5191 1923 5246 deorum

272 5281 606 5337 Grecorum
659 5277 1094 5333 multitudinem
1155 5293 1397 5333 numero
1459 5284 1755 5349 superent,
1822 5279 1921 5334 sed

266 5371 441 5428 etiam
462 5367 598 5441 quia
619 5368 836 5440 gradus
859 5382 1058 5422 eorum
1080 5365 1137 5420 in
1163 5365 1372 5438 primis
1391 5366 1762 5422 accubitibus
1784 5383 1924 5423 cou-

268 5459 504 5528 sistant,
537 5458 594 5512 in
627 5471 812 5527 eoque
838 5456 988 5526 quod
1024 5454 1192 5510 sedes
1252 5455 1470 5526 primas
1529 5454 1588 5510 in
1655 5454 1835 5511 omnis
1866 5460 1925 5513 et

345 5631 388 5665 "'
417 5631 585 5687 Joan.
615 5643 736 5698 xiv,
767 5627 855 5682 83.
930 5624 977 5661 ⁸⁸
1006 5627 1147 5682 Gen.
1180 5643 1239 5697 η,
1270 5627 1326 5682 7.
1402 5625 1448 5663 ³⁸
1479 5625 1692 5684 Matth.
1725 5643 1781 5694 ι,
1811 5627 1904 5683 28.

2061 583 2192 622 sum
2228 569 2506 625 mortales
2537 570 2807 635 evadunt,
2871 585 2974 625 nec
3025 571 3151 640 jam
3198 568 3316 624 ulla
3367 568 3424 622 in
3464 568 3710 624 admira~

2063 655 2216 711 tione
2277 656 2412 726 sint,
2475 660 2573 714 sed
2638 657 2934 714 mirabiles
3003 659 3194 729 potius
3249 658 3578 724 videantur,
3637 659 3709 712 ob

2059 743 2486 803 deiﬁcationem
2570 747 2748 811 illam,
2811 765 2938 819 quae
2998 749 3052 802 in
3109 764 3206 802 ore
3260 751 3346 803 est
3403 748 3562 802 omni
3614 764 3709 819 po-

2059 832 2216 904 pulo.

2133 924 2219 977 t3.
2255 929 2529 981 PPEPtCPOIl
2553 926 2671 982 fieri
2695 943 2862 999 posse
2880 925 3096 992 dicitis,
3132 930 3196 981 ut
3239 927 3408 981 homo
3449 924 3706 998 quidm?-

2058 1010 2203 1064 θειαν
2225 1019 2471 1070 vestram
2498 1016 2578 1070 sit
2599 1015 3057 1088 adeptus,divini
3082 1016 3336 1086 Spiritus
3365 1015 3702 1088 hypostasin

2059 1115 2234 1156 sensu
2262 1101 2388 1174 ipso
2408 1108 2462 1158 et
2485 1105 2790 1177 perspicue
2840 1103 3139 1176 percipiat.
3174 1104 3290 1159 Hoc
3339 1110 3530 1160 autem
3582 1105 3704 1177 qui,

2058 1206 2276 1260 quaeso,
2314 1193 2434 1248 fieri
2455 1195 2878 1266 potest?quove
2895 1194 2964 1248 ﬁd
2977 1195 3026 1248 ei
3041 1203 3171 1249 ante
3186 1195 3334 1264 iacto
3371 1195 3712 1249 fundamen-

2059 1279 2166 1334 to?
2195 1279 2336 1335 Nam
2374 1298 2478 1336 nos
2509 1283 2682 1337 etiam
2720 1283 2972 1338 dicimus
3006 1288 3062 1338 et
3107 1283 3422 1349 credimus,
3446 1283 3597 1353 quod
3633 1283 3704 1338 iis

2059 1367 2159 1437 qui
2193 1369 2515 1438 expiatione
2547 1369 2806 1442 legitima
2834 1371 3045 1442 expiati
3107 1376 3266 1440 sunt,
3319 1371 3512 1426 nescio
3553 1387 3704 1441 que,

2059 1470 2172 1510 non
2206 1457 2395 1512 dicam
2431 1459 2796 1531 hypostatica
2843 1476 2944 1515 seu
3008 1458 3332 1532 personalis
3379 1458 3701 1525 descensio,

2057 1542 2161 1598 sed
2191 1543 2398 1610 Patris,
2433 1545 2584 1613 Filii,
2617 1551 2673 1601 et
2703 1547 2958 1618 Spiritus
3018 1549 3202 1602 sancti
3264 1547 3572 1618 praesentia
3601 1547 3704 1603 ob-

2055 1629 2262 1702 tingit:
2299 1638 2467 1702 prout
2499 1635 2776 1689 Dominus
2809 1651 3044 1705 quoque
3074 1636 3254 1689 dixit:
3289 1637 3395 1705 Ego
3438 1644 3490 1691 et
3540 1638 3708 1692 Pater

2054 1723 2355 1787 veniemus,
2416 1728 2466 1778 et
2504 1725 2848 1780 mansionem
2899 1725 3044 1796 apud
3092 1741 3215 1779 eum
3246 1727 3521 1794 faciemus
3551 1725 3618 1792 8⁷,
3651 1731 3709 1781 et

2057 1816 2228 1882 prout
2249 1811 2422 1868 homo
2451 1812 2550 1868 Dei
2610 1829 2789 1884 capax
2839 1829 2967 1869 esse
3022 1816 3229 1884 potest.
3263 1817 3438 1868 Porro
3472 1829 3586 1868 non
3618 1818 3706 1868 est

2055 1915 2124 1953 ea
2145 1905 2346 1955 creatas
2373 1904 2594 1956 natura:
2617 1901 2702 1956 vis
2725 1906 2787 1956 ut
2828 1901 3199 1956 Divinitatem
3248 1901 3458 1956 intueri
3504 1909 3698 1972 queat,

2055 1992 2457 2058 proutnatura
2487 2005 2550 2045 se
2582 1989 2776 2056 habet,
2810 1990 2947 2061 quia
2998 1989 3278 2045 nimirum
3329 1991 3615 2046 immensa
3645 1996 3702 2046 et

2053 2076 2282 2131 infinita
2312 2081 2420 2133 est.

2128 2166 2211 2220 14.
2247 2165 2392 2230 Quid
2427 2166 2616 2222 verbis
2647 2183 2795 2238 opus
2826 2167 2962 2221 est?
2983 2166 3313 2223 Graccrum
3342 2172 3494 2222 certe
3535 2168 3698 2222 fabu-

2055 2252 2311 2309 lamenta
2344 2255 2633 2323 redoletis,
2667 2271 2800 2310 cum
2853 2255 3074 2310 homini
3126 2256 3274 2310 duas
3321 2271 3450 2310 esse
3496 2255 3705 2312 debere

2055 2343 2284 2398 animas
2347 2344 2720 2412 contenditis,
2775 2361 3018 2414 quarum
3105 2344 3284 2400 altera
3361 2344 3702 2400 hominibus

2055 2432 2406 2500 communis,
2435 2432 2615 2489 altera
2670 2449 2805 2490 vero
2863 2432 3111 2490 caelestis
3167 2433 3431 2489 exsistat.
3486 2433 3698 2489 Verum

2053 2520 2350 2576 enimvero
2384 2520 2545 2576 nulla
2593 2521 2729 2576 huic
2790 2529 3114 2576 commento
3173 2519 3470 2577 subtilitas
3528 2522 3700 2576 inest.

2053 2607 2140 2665 Illi
2174 2609 2332 2665 enim
2393 2609 2633 2666 alteram
2706 2610 3083 2678 luminosam,
3145 2609 3384 2666 alteram
3442 2610 3698 2666 tenebri-

2051 2716 2272 2767 cosam,
2305 2717 2436 2756 esse
2469 2700 2689 2756 dicunt.
2751 2705 3030 2756 Ceterum
3091 2701 3294 2758 ambas
3360 2701 3538 2756 simul
3600 2701 3698 2756 uni

2051 2786 2358 2856 eidemque
2391 2786 2612 2840 homini
2649 2803 2760 2842 non
2797 2788 3142 2853 attribuunt,
3179 2789 3276 2843 sed
3341 2787 3597 2843 vicissim
3645 2793 3703 2842 et

2051 2873 2410 2929 alternative.
2441 2874 2556 2930 Vcs
2615 2880 2806 2930 autem
2865 2876 2973 2932 hoc
3023 2893 3254 2947 quoque
3295 2875 3508 2942 dicitis,
3542 2877 3695 2947 quod

2051 2965 2424 3020 auditoribus
2457 2965 2695 3020 tzrdium
2757 2966 3002 3022 afferat:
3054 2969 3355 3038 Inspiravit
3412 2967 3589 3035 enim,
3637 2973 3702 3022 ut.

2049 3056 2234 3110 Moses
2273 3057 2370 3121 ait,
2404 3057 2460 3109 in
2490 3056 2694 3126 [aciem
2746 3056 2862 3118 eius
2913 3055 3257 3126 spiraculum
3301 3058 3426 3111 vitae
3472 3055 3536 3110 ⁸⁸.
3572 3055 3699 3110 Hice

2041 3145 2168 3216 jam
2205 3159 2321 3198 una
2349 3147 2436 3199 est
2483 3143 2698 3199 anima.
2759 3145 3026 3201 Christus
3071 3146 3207 3201 item
3259 3145 3319 3201 in
3371 3145 3698 3216 Evangeliis

2041 3233 2233 3304 inquit
2261 3251 2278 3287 :
2312 3235 2487 3288 Nolite
2513 3236 2706 3290 timere
2734 3251 2844 3300 eos,
2881 3237 2976 3307 qui
3027 3235 3279 3291 occidunt
3327 3251 3542 3305 corpus,
3575 3234 3696 3288 ani-

2039 3339 2186 3376 mam
2219 3327 2399 3377 autem
2432 3325 2679 3379 occidere
2711 3341 2814 3378 non
2873 3328 3098 3394 possunt
3151 3323 3217 3378 δ’.
3274 3325 3342 3379 Et
3389 3322 3606 3379 Paulus
3637 3325 3695 3378 in

2035 3409 2280 3477 Troade,
2319 3411 2416 3465 ubi
2450 3411 2520 3466 de
2555 3412 2832 3484 Eutychio
2894 3412 2994 3467 illo
3054 3413 3228 3468 verba
3286 3412 3442 3479 facit,
3480 3412 3576 3483 qui
3627 3414 3698 3466 de

2037 3500 2209 3556 tertio
2242 3500 2539 3556 caenaculo
2589 3501 2880 3556 deciderat
2918 3519 2930 3556 :
2989 3503 3169 3558 Nolite
3213 3502 3457 3572 turbari,
3507 3518 3697 3556 anima

2035 3591 2184 3644 enim
2219 3591 2393 3659 ipsius
2426 3590 2488 3644 in
2512 3590 2626 3660 ipso
2649 3597 2727 3645 est
2759 3589 2823 3645 ⁸ο.
2859 3589 2969 3645 Sed
3024 3591 3225 3646 nullus
3254 3591 3448 3645 adhuc
3480 3596 3580 3644 aut
3613 3591 3694 3643 in-

2036 3683 2124 3733 ter
2144 3677 2464 3733 Christiani
2492 3679 2787 3750 dogmatis
2812 3679 3103 3742 homines,
3127 3685 3224 3734 aut
3247 3680 3400 3733 inter
3424 3683 3694 3733 externos

2037 3767 2308 3822 inventus
2339 3773 2448 3833 est,
2481 3770 2577 3839 qui
2613 3765 2869 3840 δίψυχον,
2938 3768 3046 3823 hoc
3104 3772 3192 3823 est
3243 3767 3440 3821 anima
3473 3766 3688 3837 duplici

2037 3856 2346 3927 praeditum
2378 3872 2504 3909 esse
2539 3855 2768 3911 dixerit.

2114 3944 2196 3996 15.
2231 3947 2446 3998 Praeter
2477 3943 2595 4010 illa,
2660 3961 2787 4014 qua:
2847 3963 2880 3998 a
2937 3961 3030 3998 me
3068 3945 3315 3998 adducta
3347 3948 3505 4010 sunt,
3538 3945 3693 3999 fama

2037 4031 2466 4096 circumferlur,
2498 4029 2887 4105 εὐνουχισμὸν,
2942 4033 3046 4088 hoc
3091 4037 3180 4088 est
3223 4033 3473 4088 virilium
3510 4050 3697 4088 mem-

2038 4119 2274 4175 brorum
2299 4121 2709 4191 exsectionem,
2739 4120 2854 4177 illis
2887 4122 3038 4193 apud
3068 4138 3170 4176 vos
3232 4122 3690 4194 haudquaquam

2038 4208 2356 4273 accenseri,
2393 4226 2516 4278 quae
2550 4210 2747 4280 procul
2782 4227 2815 4265 a
2856 4211 3110 4267 cratibus
3165 4211 3469 4267 hominum
3507 4210 3693 4282 aspel-

2035 4297 2209 4354 lenda
2239 4298 2615 4355 sint.Vellem
2649 4299 2847 4372 igitur,
2896 4303 3167 4373 quamvis
3195 4302 3537 4372 hujusmodi
3564 4308 3692 4358 voto

2037 4391 2246 4444 natura
2273 4387 2531 4444 humana
2564 4389 2868 4445 mutiletur
2897 4397 2952 4445 et
2983 4389 3363 4460 adulteretur,
3400 4399 3457 4446 ut
3502 4396 3693 4446 vestra

2039 4492 2332 4549 synagoga
2363 4477 2434 4531 ab
2467 4478 2540 4531 iis
2569 4478 2842 4532 omnibus
2891 4479 3150 4534 exscindi
3205 4487 3419 4550 posset,
3475 4480 3687 4550 quibus

1961 4550 2008 4614 D
2040 4569 2249 4622 natura
2279 4567 2604 4621 membrum
2639 4565 2789 4621 illud
2815 4567 3065 4634 arrexit;
3109 4572 3284 4638 atque
3337 4569 3418 4623 ita
3458 4569 3689 4641 generis

2044 4655 2413 4710 successione
2449 4655 2653 4725 privati
2711 4671 2940 4726 pessum
2996 4673 3238 4728 prorsus
3299 4673 3430 4712 cum
3481 4658 3693 4713 vestris

2037 4743 2329 4812 dogmatis
2361 4742 2670 4798 daremini.

2108 4837 2226 4906 Ego
2258 4849 2390 4888 vero
2425 4833 2542 4887 hac
2576 4849 2808 4905 quoque
2858 4835 2928 4889 ab
2979 4833 3096 4890 illis
3133 4840 3187 4890 et
3225 4835 3358 4903 dici,
3395 4843 3442 4890 et
3477 4835 3694 4902 doceri,

2036 4923 2323 4978 referente
2353 4924 2628 4993 quodam,
2668 4923 2768 4994 qui
2801 4924 2873 4978 ab
2907 4925 2990 4978 eis
3021 4926 3297 4980 seductus
3333 4928 3536 4990 fuerat,
3569 4925 3688 4979 viro

2035 5011 2310 5080 litterato,
2347 5016 2404 5067 et
2436 5012 2590 5082 apud
2621 5013 2960 5068 Pontificum
2995 5014 3284 5080 instituto,
3328 5014 3546 5085 accepi,
3590 5015 3688 5084 qui

2035 5103 2329 5172 quomodo
2362 5117 2500 5172 erga
2523 5117 2614 5155 me
2651 5101 2727 5156 sit
2750 5101 3013 5171 all'ectus,
3048 5103 3271 5174 ignoro.
3307 5103 3380 5158 Se
3427 5103 3582 5157 enim
3618 5103 3690 5157 ab

2035 5191 2268 5245 illorum
2304 5191 2559 5258 doctore,
2596 5191 2936 5245 monasticis
2959 5191 3219 5247 vestibus
3253 5191 3478 5256 induto,
3513 5197 3689 5262 atque

2036 5280 2102 5334 ad
2139 5279 2526 5335 sacerdotium
2564 5286 2856 5349 provecto,
2888 5287 2945 5334 et
2981 5285 3316 5336 sanctorum
3346 5280 3686 5352 Evangelio-

2035 5386 2163 5424 rum
2197 5369 2412 5424 librum
2446 5385 2558 5440 pra
2592 5369 2866 5425 manibus
2912 5371 3184 5438 habente,
3236 5371 3328 5426 his
3371 5370 3689 5444 compella-

2035 5463 2164 5514 tum
2197 5458 2391 5515 verbis
2417 5458 2696 5514 referebat
2721 5475 2734 5513 :
