4058 6212
453 321 608 381 1339

1770 299 2082 367 ΝΙΟΕΤᾸΞ
2124 293 2548 357 CHONIAT/E

3707 291 3861 356 1340

518 453 666 519 Quid
700 450 808 518 ais,
841 467 873 506 ο
903 447 1053 504 bone
1075 448 1101 503 ‘?
1126 445 1572 503 Christianusne
1639 459 1722 512 es,
1754 437 1968 498 Christi
1997 436 2098 491 ba-
2129 433 2183 500 Λ
2215 445 2285 485 ne
2308 427 2368 484 in
2401 427 2561 485 illius
2593 427 2833 519 quidem
2873 428 3255 519 conspectum
3313 424 3577 519 divinus
3613 424 3708 481 ille
3759 428 3859 519 vir,

447 543 726 616 ptismate
756 539 1036 595 intinctus
1069 538 1096 592 ?
1151 537 1299 592 Tum
1356 535 1453 606 qui
1513 530 1980 603 interrogabatur
2019 542 2103 582 re-

448 631 688 704 spondit
720 645 734 684 :
767 631 950 694 Certe,
1031 626 1248 682 Christi
1307 625 1516 696 gratia,
1551 621 1895 695 parentibus
1935 616 2099 672 Chri-

451 721 662 777 stianis
696 723 868 774 natus
901 733 1060 784 sum,
1091 717 1162 770 ab
1198 716 1443 786 ipsaque
1509 715 1650 769 adeo
1705 714 1869 766 aetate
1910 708 2098 763 inlan-

452 812 546 866 tiai
577 826 738 865 sacro
772 807 1005 864 ablutus
1038 805 1410 876 baptismate.
1440 804 1587 858 Tum
1646 801 1769 856 vitii
1823 797 2101 869 Sephista

450 897 701 967 subjecit
736 913 748 950 :
783 897 1045 961 Quonam
1078 898 1340 964 tempore
1371 891 1455 958 id,
1487 907 1520 945 a
1551 889 1787 961 quibus,
1838 891 1894 941 et
1948 884 2046 939 ubi
2076 883 2102 937 ?

455 987 707 1042 Rursum
742 985 873 1056 pius
905 983 1002 1039 ille
1036 999 1050 1038 :
1087 983 1148 1036 In
1183 981 1283 1038 Dei
1316 980 1595 1046 Ecclesia,
1649 977 1859 1049 inquit,
1905 974 2102 1030 addito

455 1075 752 1132 Pontificis
787 1073 1043 1137 nomine,
1076 1071 1177 1143 qui
1228 1075 1367 1126 tunc
1418 1067 1682 1125 Ecclesiae
1737 1068 2000 1139 praeerat,
2043 1063 2101 1117 in

454 1182 571 1238 qua
602 1163 958 1219 nativitatem
985 1177 1213 1233 quoque
1236 1160 1475 1215 sortitus
1497 1165 1669 1223 esset,
1701 1171 1926 1211 necnon
1987 1154 2105 1207 im-

457 1253 763 1326 peratoris,
819 1252 916 1323 qui
973 1259 1107 1305 tunc
1165 1249 1446 1321 temporis
1532 1265 1599 1303 ea
1685 1262 1812 1318 qua:
1875 1241 2104 1315 imperii

456 1347 622 1398 erant
643 1340 1113 1406 administrabat,
1147 1339 1476 1409 adjecitque
1527 1353 1589 1392 se
1621 1336 1678 1390 in
1723 1333 1960 1390 nomine
1991 1333 2103 1388 Pa—

461 1432 664 1499 tris,et
693 1430 841 1498 Filii,
878 1435 934 1486 et
965 1430 1223 1500 Spiritus
1255 1429 1440 1484 sancti
1489 1426 1846 1498 baptismum
1905 1438 2103 1478 susce-

458 1519 1140 1594 pisse,qiiemadmodum
1173 1517 1232 1572 in
1256 1515 1590 1587 Evangeliis
1622 1514 1882 1569 Christus
1907 1515 2105 1567 auctor

458 1611 591 1666 fuit.
651 1610 810 1663 Tunc
894 1607 1041 1662 alter
1119 1606 1216 1660 ille
1278 1621 1374 1659 ore
1433 1605 1683 1672 impuro,
1743 1601 2103 1671 subdolaque

459 1703 652 1755 mente
683 1696 944 1753 subdidit
978 1713 990 1752 :
1025 1696 1134 1750 Sed
1175 1695 1506 1764 baptismus
1538 1692 1634 1747 ille
1663 1691 2103 1748 introductitius

459 1803 612 1860 aqua
641 1790 886 1841 constat.
942 1789 1023 1840 Eo
1081 1793 1274 1839 autem
1330 1784 1401 1838 de
1458 1799 1572 1854 quo
1628 1779 1932 1853 discipulis
1983 1783 2104 1834 suis

459 1876 724 1933 Christus
777 1875 908 1930 ait:
1002 1875 1098 1929 Vos
1181 1881 1366 1928 autem
1451 1871 1808 1942 boptizemini
1890 1869 2106 1940 Spiritu

456 1969 642 2022 sancto
673 1969 725 2020 et
752 1963 883 2033 igne
908 1963 978 2033 9',
1019 1961 1276 2018 accedito
1305 1961 1570 2033 propius,
1601 1964 1666 2015 ut
1709 1964 1764 2014 te
1798 1959 2105 2031 baptizem,

459 2054 831 2126 gratiamque
861 2052 1112 2124 Spiritus
1145 2049 1565 2105 inhabitantem
1622 2047 1729 2104 tibi
1768 2063 2103 2117 cognoscas.

460 2145 742 2201 Craterum
775 2141 920 2198 alter
951 2140 1047 2196 ille
1078 2139 1236 2195 hunc
1267 2140 1553 2210 imitatus,
1586 2137 1871 2210 impostor
1902 2143 1959 2194 et
1985 2136 2108 2209 ipse

461 2232 667 2290 evasit.

1057 2319 1214 2376 CAP.
1246 2317 1527 2374 XXXVII.

607 2429 902 2483 Tricesima
924 2429 1157 2498 septima
1186 2427 1423 2496 haeresis,
1469 2425 1975 2481 Cerinthianorum.

536 2533 848 2590 Cerintbus
878 2535 973 2589 hic
1005 2550 1066 2590 se
1101 2533 1328 2606 magnis
1384 2533 1680 2589 initiatum
1739 2530 2107 2588 revelationi-

461 2625 594 2691 bus,
629 2623 851 2696 angelis
883 2624 1161 2678 nimirum
1214 2623 1531 2694 magistris,
1592 2637 1841 2694 regnum
1899 2619 2109 2676 Christi

459 2717 594 2785 post
651 2711 1135 2768 resurrectionem
1187 2716 1478 2767 terrenum
1540 2711 1660 2767 fore
1706 2729 1721 2779 ;
1778 2709 2110 2781 Hierosoly-

465 2819 730 2874 mamque
763 2803 952 2858 denuo
984 2803 1208 2858 carneis
1240 2799 1684 2873 cupiditatibus,
1744 2799 1992 2864 deliciis,
2025 2799 2110 2854 fe-

461 2893 624 2949 stivis
658 2892 960 2962 diebus,et
984 2891 1199 2962 nuptiis
1221 2891 1530 2946 fruituram
1583 2905 1684 2962 per
1739 2888 2105 2944 milleanno-

462 3000 594 3038 rum
626 2982 883 3053 spatium
917 2981 1166 3037 dicebat.
1239 2981 1449 3036 Beatus
1514 2983 1706 3034 autem
1759 2977 2108 3051 Polycarpus

461 3078 680 3146 martyr
701 3077 900 3128 auctor
931 3078 1039 3138 est,
1095 3071 1409 3144 contigisse
1467 3071 1801 3144 aliquando,
1849 3075 1914 3125 ut
1972 3087 2107 3126 cum

462 3161 670 3217 beatus
696 3162 948 3217 Joannes
1006 3161 1304 3232 apostolus
1357 3160 1587 3216 lavandi
1637 3160 1896 3232 corporis
1923 3161 2109 3232 gratia
2139 3177 2182 3243 (ξ

461 3250 740 3306 balneum
775 3251 1034 3319 adiisset,
1070 3250 1265 3322 ibique
1295 3250 1635 3306 Cerintbum
1694 3251 1872 3305 lavari
1929 3250 2104 3306 resci-

461 3340 660 3409 visset,
694 3339 968 3396 exsiliens
1025 3340 1332 3396 confestim
1391 3355 1421 3395 e
1479 3339 1682 3395 balneo
1727 3339 1874 3395 sein
1909 3340 2106 3411 fugam

463 3428 832 3498 proripuerit,
863 3433 922 3483 et
951 3430 1192 3483 comites
1226 3429 1380 3484 idem
1446 3434 1508 3483 ut
1564 3429 1818 3484 facerent
1847 3429 2107 3484 exhorta-

460 3521 557 3572 tus
591 3520 688 3584 sit,
723 3533 794 3571 ne
830 3517 972 3571 forte
1005 3516 1278 3571 balneum
1313 3522 1625 3585 corrueret,
1684 3517 1743 3571 in
1794 3534 1908 3589 quo
1956 3518 2108 3574 veri-

460 3605 596 3662 tatis
628 3606 999 3662 adversarius
1057 3605 1369 3661 Cerintbus
1423 3610 1594 3674 esset,
1652 3610 1709 3660 et
1769 3607 1847 3660 ita
1903 3622 2108 3662 omnes

460 3698 914 3768 protererentur.

533 3785 705 3839 Aiunt
737 3785 910 3839 etiam
945 3783 1284 3840 Cerintbum
1311 3784 1440 3856 ejus
1471 3783 1760 3839 tumultus
1810 3788 2105 3840 auctorem

466 3875 670 3939 fuisse,
705 3875 875 3946 cujus
913 3875 1171 3930 Jacobus
1226 3874 1340 3946 (54)
1399 3874 1457 3930 in
1519 3874 1773 3945 Epistola
1805 3875 1875 3928 ad
1915 3875 2112 3931 Antio-

466 3963 683 4019 chenos
718 3964 1007 4034 meminit,
1051 3963 1142 4020 his
1200 3964 1428 4020 verbis:
1492 3969 1530 4017 A
1595 3964 1764 4019 nobis
1821 3964 2107 4034 exierunt,

469 4051 566 4123 qui
600 4068 705 4108 nos
735 4054 1104 4108 conturbant.
1139 4052 1297 4108 Idem
1360 4069 1489 4108 cum
1549 4053 1714 4108 Petro
1748 4053 1816 4108 de
1847 4053 2110 4111 Cornelio

466 4143 829 4197 contendisse
871 4143 1097 4198 fertur:
1161 4142 1305 4197 alias
1363 4141 1525 4197 Pauli
1585 4143 1932 4199 adversariis
1981 4145 2109 4215 ejus

463 4230 770 4287 seditionis
828 4238 1027 4287 auctor
1084 4233 1267 4288 fuisse
1323 4232 1571 4302 videtur,
1631 4249 1779 4304 quae,
1823 4248 1954 4288 cum
2011 4232 2110 4288 ille

464 4322 984 4391 caputradendum
1018 4321 1279 4390 tradidit,
1333 4319 1746 4394 Hierosolymis
1797 4321 1855 4376 in
1894 4320 2109 4394 templo

461 4416 656 4465 exorta
691 4416 778 4466 est
807 4410 874 4465 π.
912 4411 1068 4465 Idem
1098 4409 1393 4466 Christum
1417 4411 1571 4466 cruci
1605 4411 1841 4482 quidem
1865 4412 2107 4466 afflxum

463 4499 644 4554 fuisse
678 4499 907 4566 fatetur,
943 4504 1001 4554 at
1035 4499 1421 4554 resurrexisse
1480 4504 1778 4572 pernegat.
1837 4501 1945 4555 Sed
1979 4505 2102 4556 tum

461 4588 694 4643 demum
728 4592 1194 4644 resurrecturum
1218 4588 1448 4658 asserit,
1469 4604 1600 4644 cum
1635 4588 1981 4646 universalis
2009 4589 2106 4646 illa

468 4677 820 4732 resurrectio
854 4677 969 4732 fiet.

774 4787 1052 4842 Haereseos
1082 4785 1441 4858 praecedentis
1472 4789 1792 4857 con/utatio.

535 4903 918 4962 Sufﬁciebant
948 4903 1354 4977 impurissimo
1411 4904 1684 4961 Cerintho
1744 4905 1815 4961 ad
1866 4907 2110 4978 propriis

465 4995 746 5053 vanitatis
804 5000 860 5050 et
909 4994 1230 5067 impietatis
1314 4995 1790 5066 contutationem,

467 5012 746 5053 vanitatis
804 5012 860 5050 et
909 5012 1230 5067 impietatis
1314 5012 1790 5066 coniunctionem,
1876 5012 1988 5052 non
2045 5012 2115 5053 ea

467 5086 657 5144 solum
691 5086 906 5159 quibus
949 5086 1007 5141 in
1068 5084 1364 5142 Christum
1422 5084 1861 5157 blasphematus
1906 5086 2112 5153 fuerat,

2212 520 2312 590 qui
2345 535 2525 590 supra
2556 521 2759 591 pectus
2791 515 3021 572 Domini
3082 515 3142 570 in
3201 531 3362 570 coena
3418 516 3773 571 recubuerat
3800 515 3863 584 ⁸³³,

2209 609 2408 664 venire
2439 607 2624 664 vellet.

2285 706 2586 754 Annorum
2619 715 2792 770 porro
2815 693 3144 770 phaghoc
3167 700 3256 752 est
3274 693 3645 751 millenarius
3663 711 3863 750 nume-

2212 787 2713 858 rus,mendacium
2739 786 2860 842 sole
2879 785 3095 840 clarius
3119 789 3224 851 est,
3249 789 3304 840 et
3331 785 3590 855 reproba:
3619 784 3870 840 Cerinthi

2214 876 2584 950 cogitationis
2620 877 2793 932 fetus.
2822 880 2967 932 Cum
3001 875 3156 929 enim
3218 892 3322 930 nos
3369 891 3401 929 a
3451 875 3874 929 resurrectione

2213 967 2481 1024 Christus
2526 983 2715 1040 neque
2764 966 2962 1020 cibum
3009 968 3368 1036 sumpturos,
3416 980 3606 1034 neque
3654 963 3873 1019 bibitu-

2217 1074 2334 1126 ros,
2369 1073 2558 1128 neque
2589 1056 2828 1128 nuptias
2888 1060 3314 1120 contracturos,
3366 1070 3557 1124 neque
3625 1059 3866 1125 nuptum

2216 1145 2600 1202 collocaturos
2631 1145 2810 1212 dicat,
2837 1159 3039 1199 verum
3086 1143 3307 1214 angelis
3351 1143 3451 1198 Dei
3501 1142 3733 1198 similes
3784 1143 3868 1198 fu-

2215 1239 2376 1291 turos
2399 1236 2708 1303 asserat",
2752 1235 2886 1306 quis
2925 1235 3067 1290 adeo
3101 1234 3474 1303 temerarius,
3509 1234 3719 1301 audax,
3754 1237 3804 1288 et
3832 1251 3862 1289 a

2215 1325 2398 1381 libera
2419 1324 2635 1380 Christi
2655 1323 2893 1380 veritate
2916 1323 3144 1379 alienus
3167 1339 3294 1379 esse
3316 1322 3549 1390 velit,ut
3571 1329 3857 1378 terrenum

2214 1413 2302 1469 illi
2325 1413 2659 1486 imperium,
2692 1413 3014 1485 amicisque
3063 1427 3197 1468 cum
3217 1411 3316 1467 illo
3342 1430 3374 1467 a
3398 1419 3584 1468 morte
3607 1429 3862 1467 resurre-

2214 1503 2398 1560 cturis
2422 1503 2739 1575 aliquando
2773 1504 3037 1558 futurum
3063 1501 3446 1575 pronuntiet?
3483 1501 3573 1557 vel
3607 1506 3860 1568 cuinam,

2214 1610 2434 1666 precor,
2469 1593 2601 1649 usui
2635 1593 2982 1650 resurrectio
3012 1609 3139 1648 esse
3166 1597 3362 1664 queat,
3389 1607 3513 1664 qua
3548 1591 3791 1663 quidem
3821 1591 3873 1646 si

2216 1683 2408 1739 denuo
2433 1699 2744 1755 corporum
2763 1681 3406 1750 concubitus,ciborum
3423 1681 3706 1752 cupedia,
3741 1681 3872 1736 affe-

2137 1808 2186 1873 B
2222 1777 2423 1829 ctuum
2449 1772 2697 1844 denique
2718 1773 2889 1827 taedia
2907 1771 3058 1828 inter
3076 1771 3440 1840 homines,ut
3461 1775 3654 1837 antea,
3676 1770 3866 1826 locum

2219 1861 2492 1930 habeant,
2525 1861 2672 1918 nihil
2731 1860 3060 1934 spirituale,
3121 1860 3265 1917 nihil
3317 1862 3467 1933 quod
3518 1860 3865 1916 diviniorem

2215 1950 2369 2007 illam
2399 1951 2790 2008 conditionem
2849 1950 3129 2018 redoleat,
3190 1949 3338 2006 nihil
3392 1949 3644 2022 denique
3687 1967 3721 2005 a
3753 1955 3860 2004 ter-

2216 2057 2355 2098 rena
2373 2041 2706 2098 conditione
2725 2039 3003 2108 alienum,
3036 2058 3162 2112 quae
3191 2039 3578 2112 corporalium
3596 2045 3861 2095 motuum

2217 2131 2559 2187 excitatione
2590 2135 2842 2196 constat,
2876 2130 3148 2186 habitura
3178 2131 3255 2186 sit
3284 2130 3312 2184 ?

2289 2221 2449 2286 Quod
2484 2219 2532 2276 si
2566 2221 2826 2276 nondum
2887 2219 3153 2275 Christus
3207 2221 3536 2298 resurrexit,
3565 2220 3859 2291 quomodo

2213 2312 2615 2382 primogenita:
2643 2325 2712 2364 ea:
2741 2309 2981 2365 mortuis
3012 2310 3221 2364 dicitur
3247 2308 3337 2363 95?
3386 2309 3526 2372 Quis
3568 2309 3700 2362 item
3742 2306 3865 2376 ille,

2222 2398 2322 2470 qui
2353 2397 2659 2470 discipulis
2691 2399 2980 2470 apparuit,
3015 2400 3085 2454 ab
3138 2398 3343 2453 iisdem
3385 2397 3656 2470 palpatus
3681 2402 3766 2452 est
3790 2397 3859 2459 ’³,

2221 2495 2277 2544 et
2308 2489 2542 2544 tandem
2577 2503 2712 2544 cum
2743 2503 2990 2560 corpore
3021 2489 3079 2543 in
3114 2487 3289 2544 caelos
3319 2489 3581 2544 ascendit
3614 2486 3661 2519 97
3685 2490 3710 2540 ΣΡ

2291 2583 2476 2634 Unam
2543 2595 2712 2649 porro
2772 2583 3136 2634 mortuorum
3201 2577 3688 2633 resurrectionem
3746 2592 3869 2631 esse

2219 2668 2476 2724 futuram
2535 2669 2731 2724 divina
2779 2671 3072 2724 testantur
3146 2667 3415 2731 Oracula,
3501 2683 3632 2737 quae
3718 2681 3871 2720 nunc

2220 2756 2457 2828 quidem
2517 2755 2810 2812 Christum
2872 2755 2968 2811 his
3025 2760 3284 2811 utentem
3347 2755 3541 2810 verbis
3606 2755 3870 2809 introdu-

2217 2851 2396 2902 cunt:
2432 2846 2543 2901 Sed
2575 2845 2753 2902 veniet
2785 2845 2922 2900 hora
2964 2853 3016 2900 et
3059 2861 3208 2900 nunc
3250 2849 3350 2908 est.
3381 2860 3509 2900 cum
3539 2846 3747 2899 mortui
3777 2861 3869 2899 au-

2218 2935 2364 2992 dient
2398 2951 2574 2992 vocem
2622 2934 2758 2991 Filii
2788 2933 3065 2990 hominis:
3100 2939 3148 2990 el
3192 2949 3375 2989 omnes
3415 2933 3514 3005 qui
3558 2935 3862 3000 audierint,

2218 3029 2505 3096 resurgent
2529 3025 2610 3080 9'.'
2637 3041 2791 3080 nunc
2814 3040 2946 3080 vero
2966 3024 3155 3079 forum
3189 3022 3469 3094 judiciale
3493 3025 3863 3094 pandentem,

2220 3123 2285 3174 ut
2307 3119 2503 3189 justos
2527 3116 2595 3172 ab
2625 3114 2863 3187 injustis
2912 3119 3173 3171 secernat
3218 3115 3749 3186 (quemadmodum
3781 3132 3869 3185 pa-

2222 3211 2344 3263 stor
2374 3222 2606 3278 quoque
2637 3221 2771 3260 oves
2800 3204 2871 3260 ab
2907 3204 3082 3260 hircis
3141 3206 3425 3275 segregat)
3467 3207 3648 3274 atque
3703 3204 3805 3258 bos
3838 3219 3868 3257 ι

2221 3298 2462 3368 dextris,
2497 3296 2626 3352 illos
2671 3312 2802 3352 vero
2860 3312 2893 3350 a
2941 3295 3198 3351 sinistris
3246 3298 3506 3350 statuat:
3569 3299 3746 3367 atque
3776 3294 3864 3349 his

2221 3388 2458 3460 quidem
2493 3401 2741 3457 regnum
2773 3389 2906 3441 ante
2933 3384 3408 3440 constitutionem
3457 3385 3666 3439 mundi
3729 3400 3870 3456 pre-

2221 3482 2487 3552 paratum
2523 3475 2824 3548 largiatur,
2857 3474 2988 3531 illos
3016 3491 3152 3530 vero
3209 3473 3268 3529 in
3326 3473 3524 3545 ignem
3565 3473 3860 3546 demittat,

2220 3567 2321 3640 qui
2352 3564 2580 3622 diabolo
2614 3569 2973 3637 praeparatus
2999 3568 3107 3620 est.

2292 3657 2440 3724 Quin
2500 3660 2558 3712 et
2614 3654 2827 3712 Christi
2877 3671 3062 3726 prisco
3120 3653 3340 3710 Paulus
3401 3655 3471 3709 ad
3530 3654 3869 3711 Corinthios

2219 3748 2298 3803 ita
2328 3745 2567 3803 scribit:
2602 3745 2847 3800 Christus
2893 3761 2927 3798 a
2972 3744 3203 3800 mortui:
3256 3747 3561 3800 resurrexit
3587 3745 3868 3815 primitur

2219 3835 2614 3894 dormientium
2638 3833 2707 3888 99.
2766 3834 2834 3889 Et
2893 3832 3064 3904 paulo
3123 3837 3300 3904 post:
3365 3835 3495 3888 Ecce
3533 3835 3859 3903 mysterium

2219 3926 2339 3982 dico
2371 3925 2542 3993 vobis,
2564 3939 2746 3980 omnes
2778 3922 2996 3993 quidem
3026 3937 3400 3993 resurgemus,
3423 3923 3510 3978 sed
3528 3938 3627 3976 non
3659 3936 3864 3977 omne:

2222 4014 2675 4082 immutabimur;
2723 4013 2784 4067 in
2829 4020 3119 4079 momento,
3155 4014 3211 4067 in
3262 4014 3374 4068 ictu
3404 4011 3570 4076 oculi,
3595 4011 3653 4065 in
3681 4011 3872 4066 noris-

2219 4104 2362 4159 sima
2393 4104 2541 4158 tuba.
2575 4103 2711 4158 Nam
2743 4103 2872 4157 tuba
2906 4109 3086 4170 canet,
3117 4111 3167 4157 et
3199 4104 3404 4157 mortui
3439 4109 3728 4172 resurgant
3783 4102 3873 4155 in-

2217 4195 2488 4263 corrupti,
2522 4199 2573 4248 ct
2601 4207 2695 4247 nos
2734 4190 3170 4247 immutabimur.
3217 4191 3437 4262 Oportet
3485 4208 3638 4247 enim
3667 4207 3876 4248 corru-

2216 4283 2412 4355 ptibile
2442 4283 2539 4338 hoc
2568 4280 2796 4336 induere
2827 4279 3292 4352 incorruptionem
3322 4284 3360 4334 ε.

2292 4371 2541 4427 Proinde
2572 4371 2738 4426 abeat
2765 4369 2826 4425 in
2856 4368 3072 4425 malam
3103 4385 3335 4425 crucem
3385 4370 3728 4440 Cerintbus,
3777 4373 3882 4443 qui

2220 4478 2287 4517 ea
2317 4465 2544 4515 tantum
2567 4463 2880 4526 scrutatur,
2921 4475 3048 4530 quae
3079 4459 3139 4514 in
3168 4464 3298 4514 cute
3329 4463 3387 4514 et
3423 4461 3742 4532 superﬁcie
3770 4479 3879 4532 ap-

2137 4551 2182 4616 D
2216 4553 2440 4622 parent,
2474 4566 2577 4604 nec
2608 4548 2678 4603 ab
2711 4547 2804 4618 iis,
2837 4565 2964 4620 quas
2988 4547 3080 4603 hic
3111 4552 3266 4613 sunt,
3299 4565 3366 4604 ea
3396 4549 3732 4622 quidquam
3764 4551 3883 4606 dif-

2217 4641 2364 4696 ferre
2396 4642 2579 4710 putat,
2612 4654 2743 4709 quas
2772 4636 2890 4693 illic
2929 4654 3059 4694 esse
3085 4639 3372 4694 feruntur.

2803 4761 2960 4818 CAP.
2996 4761 3266 4818 XXXVII.

2223 4879 2512 4937 Tricesima
2537 4881 2724 4936 octava
2780 4879 3031 4945 haeresis,
3066 4880 3376 4935 Ecelarum.
3422 4883 3499 4936 Hi
3553 4893 3881 4953 unguntur.

2294 4996 2476 5052 Ecetie
2507 4993 2780 5051 monachi
2811 4998 2971 5065 sunt,
3007 4994 3105 5067 qui
3138 4996 3362 5052 caeteris
3423 4996 3479 5051 in
3529 4996 3714 5054 rebus
3746 5016 3890 5057 cum

2226 5084 2516 5142 universis
2546 5083 2894 5141 Christianis
2934 5088 3089 5140 recte
3133 5084 3454 5142 sentientes
3512 5085 3575 5141 in
3608 5087 3724 5144 hoc
3757 5095 3894 5145 tan-

465 5192 662 5232 verum
705 5177 880 5232 etiam
940 5178 1078 5247 quia
1132 5174 1299 5231 illum
1355 5174 1682 5248 discipulus
1738 5184 2116 5244 cognomento
2226 5181 2353 5234 tum
2377 5175 2912 5247 dissentiunt,quod
2945 5191 3077 5231 cum
3101 5175 3410 5232 feminiset
3432 5177 3802 5235 monialibns
3837 5180 3898 5234 in

467 5266 794 5338 Theologus
817 5265 1495 5337 aversabatur,etusque
1519 5265 1661 5321 adeo
1685 5265 2024 5336 refugiebat,
2055 5269 2120 5320 ut
2230 5265 2586 5324 monasteria
2668 5264 3035 5336 conveniant,
3119 5265 3317 5337 ibique
3395 5281 3531 5321 cum
3622 5271 3900 5339 quadam

539 5385 584 5419 ⁸ο
612 5387 734 5440 Act.
778 5401 870 5452 xx,
908 5385 992 5438 10.
1070 5382 1114 5418 ⁹¹
1146 5383 1346 5440 Matth.
1378 5400 1461 5450 iii,
1498 5382 1553 5438 Η
1587 5402 1600 5447 ς
1633 5384 1756 5438 Act.
1789 5399 1829 5448 i,
1857 5386 1910 5437 5.

469 5450 760 5525 ’f‘Coloss.
795 5450 958 5517 1,18.
1072 5452 1121 5488 ⁹⁶
1143 5455 1291 5512 Joan
1345 5472 1437 5525 xx,
1471 5454 1558 5512 49,

475 5520 486 5551 ¹
527 5523 665 5575 ΙὺὶιΙ.
693 5527 884 5579 51-53.

545 5609 654 5679 (54)
689 5611 854 5666 Forte
887 5614 1160 5682 lgnatius.

2001 5385 2046 5419 ⁸³
2069 5386 2188 5440 Act.
2218 5385 2310 5452 2i,
2341 5386 2412 5440 26
2441 5401 2606 5457 seqq.

1673 5453 1720 5488 ⁹⁷
1751 5454 1925 5513 Marc.
1957 5473 2072 5524 xVi,
2098 5457 2164 5514 19
2193 5481 2208 5527 ;
2244 5459 2380 5515 Luc.
2414 5453 2688 5526 xxrv','30.

3302 5383 3348 5418 ⁹⁴
3378 5383 3583 5439 Matth.
3615 5403 3760 5453 xxii,
3802 5389 3898 5442 30.

3358 5453 3404 5490 '9
3436 5457 3468 5512 ι·
3489 5456 3627 5513 Cor.
3660 5475 3758 5526 xv,
3797 5462 3896 5514 20.

2704 5384 2748 5419 ⁸³
2775 5384 2938 5439 Joan.
2967 5397 3087 5450 xiii,
3117 5383 3209 5437 25.

2801 5453 2848 5491 ⁸⁸
2873 5456 3037 5511 Juan.
3069 5470 3122 5523 v,
3153 5455 3243 5510 25.
