4090 6192
318 325 470 387 1341

1669 319 2074 382 THESAURI
2123 321 2267 383 LIB.
2299 322 2404 386 IV.

3573 325 3724 388 1342

320 468 530 524 chorea
561 464 619 518 et
649 459 962 518 saltatione
1010 459 1194 515 Deum
1226 455 1465 530 hymnis
1507 460 1564 513 et
1602 457 1845 514 canticis
1874 472 1970 514 ce-
2000 460 2049 527 Α
2084 477 2470 536 quacumque
2499 464 2570 521 de
2591 464 2817 536 judicio
2875 465 3072 523 futuro
3139 468 3197 522 et
3251 464 3732 523 decantatissima

323 555 589 611 lehrent:
624 552 696 608 ad
731 551 891 608 illius
955 550 1236 605 nimirum
1295 547 1516 602 choreae
1567 547 1975 614 imitationem,

324 661 498 718 quam
531 643 664 698 sinu
699 641 881 697 maris
916 638 1096 695 Rubri
1127 639 1390 709 trajecto,
1421 642 1612 695 Moses
1644 642 1700 693 et
1727 638 1856 709 ejus
1878 654 1974 694 so—

325 751 419 792 ror
448 732 634 790 Maria
663 731 1068 787 instituerunt.

637 860 909 914 Haereseos
935 853 1304 928 praecedentis
1332 855 1657 926 con/utalia.

399 981 596 1036 Vetera
615 974 1030 1046 praeterierunt,
1064 988 1184 1028 ecce
1213 989 1363 1028 nova
1391 973 1545 1041 facta
1569 974 1700 1027 sunt
1717 970 1900 1026 omnia
1926 970 1948 1005 ε
1965 1012 1978 1038 ,

325 1067 634 1136 litteraque
687 1063 968 1118 decedens
1051 1063 1324 1135 spiritum
1386 1062 1654 1118 libertate
1717 1062 1976 1119 donavit

326 1159 529 1229 Itaque
561 1173 670 1211 non
723 1156 850 1224 jam
910 1152 1100 1220 nobis,
1152 1153 1252 1225 qui
1299 1153 1507 1225 spiritu
1567 1153 1818 1225 agimur,
1881 1157 1983 1208 aut

327 1246 490 1303 chori
525 1241 918 1307 instaurandi,
968 1245 1068 1297 aut
1113 1242 1337 1297 cantica
1379 1242 1741 1298 concinenda
1794 1247 1979 1298 sunt:

329 1337 430 1394 sed
464 1335 658 1408 potius
688 1339 865 1388 Deum
916 1332 1089 1387 corde
1140 1332 1427 1399 confiteri,
1474 1333 1721 1406 ejusque
1754 1333 1984 1405 magni-

332 1428 441 1483 fica
473 1441 646 1498 opera
671 1441 767 1480 ore
800 1439 1030 1492 canere,
1064 1426 1284 1478 stantes
1328 1422 1386 1476 in
1438 1422 1679 1495 templis
1723 1439 1857 1479 cum
1907 1423 1982 1478 ti-

333 1533 492 1572 more
523 1519 580 1570 et
608 1512 808 1570 habitu
840 1511 1142 1583 religionis
1176 1512 1389 1582 indice,
1422 1527 1530 1568 nos
1581 1512 1846 1569 addecet.
1879 1511 1986 1567 Ne-

331 1622 470 1678 gare
499 1604 685 1660 obiter
730 1618 1046 1674 possumus
1092 1601 1343 1657 feminas
1399 1605 1531 1672 post
1587 1601 1984 1673 {Egyptiorum

333 1691 806 1750 submersiunem
838 1688 977 1744 viris
1025 1688 1340 1760 permistas
1396 1687 1718 1753 saltavisse,
1754 1702 1985 1759 unaque

331 1799 462 1840 cum
521 1781 638 1837 illis
696 1781 813 1836 Deo
871 1779 1091 1850 gratias
1139 1777 1538 1834 concinuisse.
1573 1782 1770 1833 Mosen
1828 1777 1982 1833 enim

332 1887 597 1930 seorsum
660 1886 794 1925 cum
852 1869 990 1924 viris
1069 1867 1363 1923 canticum
1424 1865 1788 1938 trajectionis
1846 1865 1986 1922 ceci-

329 1962 514 2029 nisse,
543 1973 800 2016 sororem
829 1973 960 2013 vero
993 1957 1123 2027 ejus
1171 1957 1410 2011 Mariam
1461 1972 1595 2011 cum
1644 1955 1866 2011 caeteris
1901 1956 1984 2012 fe-

333 2051 511 2108 minis
541 2048 784 2104 choreas
842 2047 1202 2102 instaurasse
1251 2061 1385 2101 vero
1445 2043 1699 2100 similius
1758 2052 1862 2099 est.
1907 2045 1987 2099 Ex

336 2156 448 2212 quo
479 2138 544 2192 ﬁt
572 2141 635 2191 ut
666 2152 794 2207 quae
828 2136 898 2190 ab
929 2133 1118 2190 Ecetis
1151 2133 1556 2205 designantur,
1592 2137 1984 2206 praeterquam

335 2229 486 2302 quod
520 2227 590 2281 ab
641 2224 952 2296 iniquitate
1009 2223 1111 2279 illa
1164 2223 1516 2295 discrepent,
1564 2240 1597 2278 a
1647 2227 1986 2279 sanctorum

335 2331 569 2390 quoque
600 2318 840 2370 Patrum
872 2321 926 2369 et
956 2329 990 2368 a
1019 2313 1237 2368 nostris
1269 2311 1529 2386 ipsorum
1570 2313 1986 2369 traditionibus

336 2405 528 2462 aliena
558 2404 697 2461 sint.

931 2490 1083 2546 CAP.
1117 2490 1386 2547 XXXIX.

351 2602 643 2661 Tricesima
687 2617 834 2658 nona
893 2600 1144 2665 ha’resis,
1205 2599 1710 2656 Gnosimachorum.
1762 2599 1826 2655 Hi
1883 2617 1989 2656 un-

1049 2679 1277 2742 guntur.

414 2781 790 2840 Gnosimachi
848 2780 1033 2836 cuivis
1090 2778 1528 2836 Christianismi
1585 2778 1906 2850 cognitioni
1935 2783 1992 2835 et

341 2871 596 2929 scientiae
629 2870 927 2940 resistunt,
978 2868 1224 2940 illosque
1266 2869 1482 2924 frustra
1528 2867 1790 2923 laborare
1831 2883 1990 2924 asse-

341 2966 502 3030 runt,
528 2961 628 3032 qui
673 2959 852 3017 sacris
877 2959 934 3014 in
955 2958 1271 3030 Scripturis
1322 2956 1626 3014 scientiam
1665 2963 1761 3013 aut
1791 2957 1992 3028 cogni-

343 3051 559 3107 tionem
590 3049 964 3121 investigant,
996 3063 1131 3103 cum
1187 3045 1512 3118 praesertim
1563 3063 1597 3101 a
1638 3045 1990 3102 Christianis

344 3142 496 3196 Deus
525 3143 732 3210 praeter
761 3139 916 3194 bona
945 3153 1140 3208 opera,
1177 3133 1322 3189 nihil
1354 3122 1615 3205 re'quirat
1643 3152 1656 3190 :
1694 3138 1757 3188 ut
1788 3136 1866 3190 sit
1897 3151 1987 3190 sa-

2084 549 2186 606 illa
2217 553 2636 610 resurrectione
2665 556 2995 610 traduntur.
3024 557 3170 612 Nam
3203 555 3252 612 si
3285 555 3561 618 mortales
3593 560 3733 612 sunt

2082 640 2312 711 animae,
2345 642 2503 699 nullo
2561 659 2803 715 prorsus
2863 646 3034 700 modo
3099 645 3158 700 in
3211 645 3505 716 judicium
3536 661 3730 700 resur-

2083 734 2238 801 gent,
2272 748 2377 788 nec
2407 734 2842 806 uniuscujusque
2867 751 3004 805 opus
3030 733 3196 806 quale
3234 737 3310 789 est
3360 736 3506 802 ignis
3527 735 3730 806 proba.-

2086 819 2165 875 bit
2190 822 2233 889 ³,
2265 825 2328 876 ut
2359 822 2555 894 magni
2606 821 2766 878 illius
2815 823 3097 894 praeconis
3153 821 3319 878 Pauli
3357 823 3548 878 verbis
3581 829 3730 879 utar.

2083 913 2211 967 Iam
2244 911 2343 982 qui
2367 911 2490 968 fieri
2523 913 2730 984 possit,
2782 918 2845 967 ut
2894 913 3101 968 animm
3153 912 3493 969 mortalitati
3544 914 3734 985 subji-

2087 1003 2501 1068 ciantur,cum
2551 1008 2636 1060 tot
2685 1003 2899 1059 mortui
2945 1021 2977 1058 a
3025 1003 3277 1071 Christo,
3333 1005 3635 1076 prophetis
3681 1009 3738 1060 et

2087 1093 2367 1166 apostolis
2399 1094 2628 1150 excitati
2661 1094 2779 1151 sint
2801 1095 2828 1149 ?
2857 1094 2914 1149 Si
2945 1095 3102 1150 enim
3135 1092 3412 1150 mortales
3463 1094 3734 1162 fuissent,

2087 1183 2144 1239 in
2195 1199 2438 1255 corpora
2489 1187 2643 1240 certe
2701 1185 2937 1256 propria
2997 1200 3300 1255 nunquam
3349 1189 3734 1240 remeassent.

2089 1277 2208 1330 Imo
2239 1291 2372 1330 vero
2402 1275 2608 1331 animas
2641 1279 2780 1329 sunt
2811 1274 3202 1341 immortales,
3261 1277 3329 1329 ut
3387 1290 3563 1329 sacrae
3600 1291 3734 1346 pas-

2090 1364 2200 1419 sim
2234 1367 2530 1420 tcstantur
2560 1363 2803 1433 Litteras,
2837 1364 2908 1418 de
2969 1364 3186 1435 quibus
3253 1362 3558 1434 sigillatim
3619 1363 3735 1417 dis-

2089 1468 2278 1508 serere
2309 1453 2672 1523 superﬂuum
2706 1452 2899 1520 fuerit,
2937 1457 3001 1507 ut
3030 1467 3234 1507 omnes
3286 1450 3452 1506 facile
3500 1458 3735 1507 norunt.

2088 1541 2234 1605 Quin
2267 1541 2440 1596 etiam
2473 1540 2511 1594 ii
2546 1540 2645 1612 qui
2678 1541 2749 1596 de
2779 1541 2984 1596 mundi
3014 1541 3237 1612 origine
3263 1540 3578 1611 conscripti
3601 1549 3740 1596 sunt

2089 1629 2248 1698 libri,
2279 1629 2433 1685 inter
2463 1630 2768 1685 hominum
2803 1635 2858 1686 et
2900 1631 3206 1685 brutorum
3266 1631 3493 1685 animas
3539 1631 3742 1685 discri-

2092 1718 2267 1774 minis
2299 1718 2408 1774 boc
2439 1723 2730 1785 statuunt,
2765 1726 2829 1774 ut
2886 1719 3190 1775 brutorum
3241 1719 3439 1774 anima
3495 1719 3738 1789 sanguis

2092 1807 2434 1864 eorumdem
2465 1806 2711 1877 dicatur,
2745 1811 2810 1861 ut
2842 1823 2956 1862 una
2986 1823 3117 1862 cum
3171 1821 3411 1878 corpore
3451 1805 3696 1860 intereat
3723 1825 3736 1873 ;

2091 1897 2394 1954 hominum
2428 1913 2560 1952 vero
2593 1898 2803 1952 animae
2854 1895 3130 1968 spiraculi
3182 1896 3362 1952 divini
3414 1912 3624 1951 nomen
3659 1899 3738 1950 at-

2088 1985 2403 2042 tribuitur:
2439 1986 2595 2054 quod
2638 1986 2877 2057 quidem
2923 1985 3285 2056 spiraculum
3335 1985 3593 2041 animam
3643 2000 3738 2038 ra-

2089 2075 2270 2131 tionis
2316 2079 2372 2130 et
2427 2074 2758 2130 intellectus
2820 2074 3183 2146 participem,
3216 2081 3389 2145 atque
3445 2074 3586 2129 adeo
3620 2074 3742 2128 im-

2092 2163 2394 2220 mortalem
2423 2163 2694 2219 dicimus.

2159 2253 2319 2309 Alias
2347 2253 2940 2310 verocommunibus
2990 2252 3253 2309 omnium
3299 2255 3356 2307 et
3404 2249 3742 2307 notionihus

2092 2347 2149 2400 et
2180 2342 2553 2416 opinionibus
2583 2342 2797 2415 dogma
2827 2341 3169 2414 hujusmodi
3213 2346 3514 2413 repugnat.
3565 2340 3740 2396 Com-

2093 2432 2257 2488 muni
2297 2431 2453 2488 enim
2486 2431 3079 2504 gentium;quotquot
3111 2435 3250 2487 sunt
3295 2430 3745 2499 consensu,im-

2092 2521 2369 2578 mortales
2400 2536 2536 2578 esse
2569 2520 2779 2576 animae
2802 2521 3112 2577 videntur:
3147 2518 3434 2592 multique
3465 2522 3606 2575 adeo
3639 2535 3741 2575 ne-

2093 2610 2428 2669 cromantia:
2491 2609 2738 2666 studiosi
2797 2610 3027 2666 animas
3093 2612 3427 2678 evocarunt,
3460 2613 3515 2664 et
3556 2608 3625 2664 de
3661 2623 3750 2664 re-

2094 2704 2206 2760 bus
2235 2702 2450 2758 futuris
2482 2701 2806 2774 percontati
2837 2706 2995 2757 sunt.

2165 2793 2503 2850 Aristoteles
2533 2807 2693 2863 ergo.
2719 2795 2776 2846 et
2799 2790 3063 2862 quisquis
3087 2789 3254 2846 illum
3300 2794 3532 2846 secutus
3552 2790 3744 2845 Thne-

2094 2882 2486 2955 topsychicus,
2530 2882 2789 2937 animam
2843 2879 3186 2936 mortalitati
3247 2879 3558 2936 obnoxiam
3609 2879 3746 2935 lana

2094 2974 2427 3041 redimitus,
2485 2976 2903 3044 unguentoque
2982 2970 3298 3036 delibutus,
3354 2969 3741 3025 hirundinum

2097 3079 2257 3118 more
2282 3063 2509 3118 asserit.
2570 3063 2654 3116 Ab
2714 3077 2914 3117 eorum
2977 3063 3125 3115 ccetu
3211 3059 3580 3132 eXplodatur,
3639 3059 3742 3130 qui

2099 3154 2324 3210 Christo
2353 3153 2592 3208 nomina
2613 3152 2917 3208 dederunt.
2946 3151 3093 3209 Nam
3118 3150 3385 3207 Christus
3416 3167 3449 3205 a
3497 3150 3746 3206 mortuis

339 3225 482 3293 tius,
517 3203 566 3282 si
629 3226 762 3296 quis
811 3203 1142 3294 simplicius
1197 3203 1464 3286 ambulet,
1518 3236 1622 3278 nec
1703 3221 1989 3278 curiosius

2102 3203 3093 3313 surrexit,etwforeﬁpolliaitusest,
3113 3203 3446 3297 ιᾷίὲἱᾝρέ
3485 3203 3640 3311 ea.
3654 3203 3749 3296 a1

344 3314 665 3386 quidquam
701 3315 1120 3385 perscrutetur.

654 3422 929 3476 Haereseos
959 3415 1327 3489 praecedentis
1355 3418 1684 3488 con/utalia.

417 3528 670 3595 Quilibet
725 3524 1134 3580 Gnosimachis
1191 3523 1273 3580 ita
1329 3524 1683 3595 respondere
1759 3525 1995 3595 potest:

346 3621 680 3689 Ecquonam
741 3614 914 3669 modo
972 3612 1102 3684 quis
1159 3612 1593 3685 Scripturarum
1672 3628 1995 3678 sacrarum,

345 3723 547 3766 earum
581 3704 926 3775 praesertim,
989 3719 1118 3774 quae
1170 3702 1551 3758 obscuritatis
1601 3701 1848 3774 caligine
1904 3701 1997 3756 in-

343 3796 676 3862 volvuntur,
731 3807 974 3848 sensum
1026 3790 1310 3862 explicare
1362 3791 1595 3862 poterit,
1647 3791 1761 3846 nisi
1814 3791 1996 3865 aliqui

349 3889 557 3959 praesto
597 3884 715 3940 sint
746 3884 1115 3954 interpretes,
1148 3897 1297 3953 quos
1339 3880 1596 3952 Spiritus
1627 3882 1996 3953 profunditas

349 3993 462 4032 non
495 3973 722 4031 lateat?

418 4068 618 4137 Itaque
662 4063 712 4119 si
752 4079 822 4119 ex
866 4077 1122 4118 erroneae
1179 4059 1514 4116 traditionis
1541 4062 1748 4115 vestrae
1772 4057 1995 4131 regula,

348 4155 595 4213 lectione
654 4168 956 4210 sacrarum
1011 4151 1444 4220 Scripturarum
1503 4147 1779 4217 contenti,
1839 4147 2000 4204 nulla

351 4243 608 4303 scientias
638 4247 694 4298 et
724 4239 1100 4313 cogitationis
1132 4237 1329 4294 habita
1378 4236 1627 4297 ratione,
1683 4237 1864 4291 vitam
1897 4253 1998 4292 no-

352 4338 530 4389 stram
565 4327 1053 4395 instituissemus,
1097 4327 1236 4398 quid
1287 4324 1548 4394 tandem,
1601 4339 1817 4394 quaeso,
1852 4323 2002 4379 utili-

354 4421 487 4479 tatis
517 4437 584 4475 ex
610 4419 760 4491 ipsis
808 4413 1325 4489 reportassemus?
1380 4417 1484 4470 aut
1535 4428 1792 4484 quonam
1825 4413 1998 4468 modo

354 4511 504 4583 quod
533 4509 852 4577 credimus,
905 4507 964 4562 id
1024 4504 1282 4562 oratione
1345 4501 1784 4560 sciscitantibus
1823 4501 1999 4574 expli-

354 4616 484 4657 care
511 4599 908 4671 potuissemus
927 4595 955 4650 ?

1017 4699 1176 4756 CAP.
1218 4698 1330 4758 XL.

353 4821 787 4895 Quadrupesima
816 4818 1060 4886 haeresis,
1119 4815 1736 4942 ThnetOpspchitarum,
1788 4815 1887 4871 hoc
1924 4823 2002 4871 es!

421 4912 619 4942 mrum
648 4892 745 4942 aui
772 4892 1090 4942 animarum
1120 4891 1385 4942 immorta
1421 4891 1622 4942 itatrm
1647 4893 1852 4942 neaant
1874 4887 1999 4942 [Hos

421 4887 619 4953 eorum
648 4892 745 4964 qui
772 4892 1090 4946 animarum
1120 4887 1622 4964 immortalitatem
1647 4893 1852 4958 negant
1874 4887 1999 4964 [fies

422 4959 965 5042 confutaiJOrigenes
996 4961 1139 5034 apud
1171 4959 1484 5028 Eusebium,
1518 4959 1616 5016 lib.
1659 4975 1736 5031 vx,
1760 4975 1881 5029 cap.
1906 4960 1993 5014 26.

425 5043 626 5096 Histor.
659 5035 892 5106 ﬁcales]

423 5141 925 5216 Thnetopsychitas
957 5139 1267 5196 hominum
1299 5139 1582 5208 animam,
1615 5137 1823 5195 animm
1856 5138 1997 5194 bru-

353 5242 548 5295 torum
579 5231 832 5290 similem
861 5245 1009 5299 esse,
1042 5234 1215 5301 atque
1246 5246 1366 5286 una
1394 5244 1525 5285 cum
1556 5243 1797 5300 corpore
1843 5228 1996 5284 inte-

355 5326 469 5384 rire
495 5327 786 5382 asserunt.

655 5450 938 5506 Haereseos
968 5443 1327 5517 precedenlis
1355 5444 1682 5514 con/utatio.

426 5560 594 5619 Falsa
624 5561 763 5614 sunt
792 5571 950 5627 ergo,
983 5553 1030 5610 si
1063 5552 1200 5609 huic
1246 5551 1546 5609 traditioni
1596 5550 1760 5607 locus
1803 5550 1992 5607 detur.

2103 3335 2175 3389 do
2208 3347 2609 3404 resurgamus.

2175 3421 2339 3487 Quod
2369 3427 2562 3476 autem
2595 3417 2868 3476 Salomon
2903 3419 3017 3475 ait:
3053 3422 3195 3493 Quis
3248 3420 3396 3475 novit
3435 3420 3483 3474 si
3520 3417 3752 3490 spiritus

2101 3511 2347 3582 ﬁliorum
2377 3510 2547 3565 Adam
2577 3508 2836 3566 ascendat
2895 3526 3142 3578 sursum,
3175 3513 3228 3566 et
3286 3509 3339 3564 si
3386 3511 3617 3578 spiritus
3649 3509 3749 3578 ju-

2101 3603 2406 3656 mentorum
2436 3598 2721 3654 descendat
2748 3598 3000 3654 deorsum
3033 3600 3052 3634 ⁴
3075 3600 3102 3653 ‘?
3121 3599 3182 3653 1d
3206 3613 3337 3653 vero
3388 3598 3558 3668 longe
3588 3595 3745 3650 aliud

2101 3692 2210 3746 est.
2244 3688 2360 3745 Nec
2390 3689 2547 3745 enim
2581 3687 2651 3744 de
2682 3688 3024 3744 hominibus
3079 3692 3135 3743 et
3184 3687 3376 3742 brutis
3419 3700 3485 3740 eo
3535 3683 3592 3737 in
3625 3683 3749 3737 loco

2101 3778 2278 3834 verba
2307 3777 2464 3845 facit,
2514 3779 2804 3849 quatenus
2862 3775 3170 3830 hominum
3231 3774 3427 3828 anima
3483 3770 3748 3840 rationis,

2102 3868 2405 3923 brutorum
2429 3870 2624 3921 autem
2659 3865 2786 3919 vitm
2805 3869 3036 3919 tantum
3058 3863 3236 3933 idque
3259 3858 3564 3932 sanguinis
3583 3859 3754 3914 bene-

2101 3955 2230 4010 ficio
2273 3955 2558 4025 particeps
2585 3958 2696 4018 est,
2729 3968 2834 4007 nec
2874 3951 3085 4006 horum
3125 3951 3443 4022 quidquam
3493 3967 3527 4004 a
3571 3952 3755 4004 morte

2101 4051 2405 4115 superest:
2439 4046 2498 4097 et
2529 4057 2648 4096 una
2676 4056 2810 4096 cum
2842 4055 3082 4110 corpore
3136 4039 3334 4094 anima
3391 4053 3623 4109 quoque
3662 4037 3752 4108 ip-

2101 4149 2168 4189 sa
2198 4130 2559 4187 dissolvitur.
2594 4129 2910 4185 Hominum
2941 4145 3111 4201 porro
3145 4127 3296 4184 filios
3346 4128 3456 4184 hoc
3501 4128 3626 4183 loco
3657 4142 3757 4182 eos

2101 4222 2158 4278 in
2193 4220 2401 4293 primis
2430 4224 2613 4287 vocat,
2649 4218 2750 4291 qui
2784 4234 2852 4274 ex
2883 4217 3127 4274 rationis
3188 4217 3521 4290 praescripto
3572 4216 3754 4272 vitam

2104 4310 2445 4380 instituunt,
2477 4315 2534 4364 et
2565 4309 2692 4364 suis
2723 4307 3027 4364 affectibus
3058 4307 3370 4379 imperant,
3403 4322 3501 4362 eos
3550 4313 3752 4362 contra

2104 4403 2204 4474 qui
2237 4401 2293 4457 in
2313 4405 2530 4458 terram
2580 4400 2781 4456 cernui
2823 4404 2880 4455 et
2925 4399 3136 4471 obstipi
3171 4399 3580 4471 procumbunt,
3613 4414 3750 4453 cum

2100 4491 2386 4564 jumentis
2415 4491 2635 4546 confert
2662 4487 2940 4546 Salomon
2977 4489 3131 4544 idem
3164 4489 3283 4560 ille,
3318 4488 3416 4560 qui
3448 4490 3749 4558 justorum

2025 4569 2071 4634 D
2105 4583 2330 4640 animas
2362 4581 2420 4637 in
2450 4579 2548 4636 Dei
2612 4578 2888 4636 manibus
2950 4594 3078 4634 esse
3135 4576 3247 4634 alio
3307 4578 3366 4634 in
3424 4576 3548 4633 loco
3600 4593 3754 4633 asse-

2109 4672 2224 4729 ruit
2251 4673 2291 4728 ³.

2764 4776 2914 4832 CAP.
2945 4776 3082 4832 XLI.

2106 4890 2127 4914 ⁶
2162 4887 2591 4958 Quadragesima
2620 4887 2802 4958 prima
2849 4884 3089 4951 haeresis,
3133 4883 3613 4958 Christolytarum,
3645 4881 3748 4937 hoc

2264 4963 2366 5030 est,
2391 4955 2580 5016 eorum
2610 4955 2706 5029 Qui
2737 4957 2943 5012 Christi
2973 4961 3235 5010 naturam
3264 4955 3574 5010 destruunt.

2178 5065 2515 5138 Christolyti
2551 5063 2860 5120 Dominum
2895 5066 3161 5118 nostrum
3196 5061 3401 5116 Jesum
3453 5058 3751 5114 Christum

2108 5161 2241 5232 post
2267 5154 2748 5212 resurrectionem
2810 5169 2843 5208 a
2891 5151 3155 5218 mortuis,
3215 5149 3472 5205 animato
3513 5165 3754 5220 corpore

2107 5263 2213 5303 suo
2246 5245 2304 5300 in
2337 5243 2504 5300 terris
2539 5241 2758 5307 relicto,
2792 5257 2908 5296 una
2937 5255 3072 5295 cum
3107 5240 3266 5294 nuda
3299 5241 3354 5293 et
3384 5236 3637 5308 simplici
3673 5235 3757 5292 di-

2106 5335 2347 5391 vinitate
2378 5334 2436 5388 in
2469 5331 2644 5388 caelos
2674 5329 3010 5386 ascendisse
3042 5328 3422 5385 contendunt.

2418 5442 2700 5496 Haereseos
2729 5437 3082 5510 praecedentis
3113 5435 3443 5509 con/utalia.

2174 5549 2356 5621 Atqui
2386 5546 2600 5620 angeli,
2635 5545 2736 5617 qui
2770 5543 3048 5617 apostolis
3078 5546 3220 5600 tunc
3267 5541 3542 5616 temporis
3575 5557 3756 5615 appa-

424 5677 445 5712 ²
475 5676 521 5733 II
545 5678 671 5731 Cor.
703 5688 758 5740 v,
783 5671 870 5728 47.
947 5669 969 5704 ⁸
997 5657 1207 5726 I-F’Cor.
1233 5666 1449 5738 111,13.
1521 5665 1550 5702 ⁴
1580 5663 1762 5723 Eccle.
1792 5665 1989 5739 111,131.

2131 5666 2265 5737 Sap.
2302 5677 2386 5732 ιιι,
2422 5662 2472 5718 1.
