4090 6192
403 329 563 392 1343

1729 329 2039 393 ΝΙΟΕΤᾸΞ
2081 327 2499 390 ΟΗΟΝΙΑΤᾸΞ

3671 323 3818 384 1344

404 471 675 532 ruerunt,
709 484 823 538 quo
851 466 1120 522 Christus
1141 483 1272 522 cum
1297 484 1536 539 corpore
1562 467 1618 522 in
1645 465 1817 522 coclos
1847 481 2048 520 ascen-
2087 468 2135 531 Α
2167 463 2476 534 irrumpat,
2517 464 2618 516 aut
2646 460 2705 516 in
2739 458 2886 516 mari
2938 463 3256 531 tempestas
3317 458 3636 526 exoriatur,
3671 459 3825 516 Deus

411 556 517 622 dit,
552 556 625 611 ita
659 558 972 612 dicebant:
1034 557 1147 612 Viri
1205 558 1444 626 Galilmi,
1504 557 1636 628 quid
1693 553 2058 611 admiremini

405 643 765 716 suspicientes
796 648 853 698 in
892 645 1143 702 caelum?
1173 647 1271 700 Hic
1295 647 1468 711 Jesus,
1509 649 1604 717 qui
1649 649 1957 714 assumptus
1985 650 2061 696 est

405 751 442 790 a
473 735 641 797 vobis,
694 733 778 788 ita
829 737 1008 788 veniet
1074 751 1288 801 rursus,
1335 734 1795 806 quemadmodum
1844 730 2056 788 vidistis

387 833 531 878 eum
560 826 943 877 ascendentem
976 824 1030 878 in
1063 823 1257 877 caelum
1295 821 1336 876 ⁸.

475 911 589 966 Sed
623 916 943 983 martyrum
965 928 1192 983 quoque
1226 912 1648 984 antesignanus
1697 911 2052 983 Stephanus,

404 1017 538 1054 cum
564 1001 816 1070 jamjam
850 1002 1004 1056 saxis
1045 1019 1078 1055 a
1133 1001 1350 1056 Judaais
1411 999 1824 1056 adobruendus
1855 1003 2011 1055 esset
2041 1014 2053 1054 :

405 1089 557 1154 Ecce,
591 1090 806 1162 inquit,
838 1091 990 1145 video
1019 1091 1177 1146 cretes
1210 1100 1447 1161 apertos,
1486 1097 1534 1145 et
1583 1089 1786 1144 Filium
1817 1089 2056 1145 hominis

407 1183 642 1234 stantem
666 1197 701 1233 α
731 1179 939 1236 dextris
973 1180 1069 1235 Dei
1099 1179 1139 1235 ⁷.
1167 1179 1373 1234 Filium
1418 1180 1515 1235 Dei
1569 1184 1755 1244 vocat,
1789 1195 1902 1233 non
1955 1177 2050 1248 qui

406 1268 610 1322 relicto
643 1284 904 1339 corpore,
967 1285 1099 1323 cum
1155 1269 1279 1323 sola
1335 1273 1390 1323 et
1450 1268 1703 1339 simplici
1753 1267 2053 1323 divinitate

406 1359 756 1424 ascenderit,
789 1359 890 1414 sed
932 1360 1032 1430 qui
1075 1376 1308 1414 carnem
1346 1376 1540 1415 secum
1565 1359 1623 1413 in
1649 1358 1823 1414 cmlos
1850 1374 2051 1414 ascen-

405 1447 549 1502 deus
580 1448 989 1517 asportaverit.
1025 1449 1185 1513 Quod
1223 1449 1335 1503 nisi
1365 1466 1426 1504 se
1474 1449 1554 1503 ita
1602 1464 1692 1503 res
1725 1447 2050 1514 habuisset,

406 1552 646 1607 corpore
669 1545 822 1591 certe
853 1541 1092 1592 exutum
1131 1538 1222 1592 Dei
1259 1536 1471 1592 Filium
1506 1537 1768 1592 dixisset.
1796 1536 2051 1608 Evange-

405 1625 544 1681 lista
576 1642 744 1696 porro
771 1627 852 1680 ait
886 1643 900 1680 :
937 1629 1196 1682 Dominus
1248 1626 1463 1696 quidem
1512 1631 1806 1696 postquam
1842 1624 2052 1680 locutus

407 1725 484 1772 est
522 1719 620 1780 eis,
654 1722 970 1788 assumptus
1018 1725 1092 1771 est
1142 1719 1202 1772 in
1250 1718 1464 1783 cretum,
1498 1721 1551 1771 et
1597 1715 1740 1771 sedet
1769 1733 1800 1770 α
1845 1715 2053 1770 dextris

413 1807 515 1862 Dei
552 1803 593 1858 ⁸.
627 1806 984 1876 Assumptus
1015 1811 1124 1871 est,
1151 1806 1415 1876 inquam,
1477 1821 1543 1859 eo
1601 1820 1730 1859 cum
1789 1821 2052 1876 corpore,
2087 1839 2132 1905 Β

408 1911 536 1950 cum
572 1912 686 1966 quo
718 1912 929 1967 passus
964 1897 1168 1961 fuerat,
1203 1898 1616 1958 resurrexerat,
1650 1910 1830 1965 seque
1877 1893 2053 1951 disci-

408 1983 679 2056 pulorum
715 1984 989 2039 manibus
1022 1985 1504 2039 contrectandum
1538 1983 1879 2055 praebuerat.

1047 2092 1199 2147 CAP.
1255 2091 1415 2146 XLII.

405 2199 841 2270 Quadragesima
871 2199 1117 2253 secunda
1151 2198 1400 2263 haeresis,
1452 2198 1929 2269 Ethnophronum,
1965 2197 2064 2253 hoc

473 2275 571 2336 est,
623 2287 812 2327 eorum
861 2275 958 2342 qui
1028 2270 1261 2339 gentiles
1317 2271 1734 2341 superstitiones
1799 2271 2062 2341 aﬂectan-

479 2351 594 2397 tur.

477 2448 949 2520 Ethnophrones,
993 2448 1101 2503 hoc
1133 2452 1241 2518 est,
1277 2447 1578 2520 gentilium
1613 2447 1829 2503 rituum
1865 2451 1921 2503 et
1951 2465 2058 2503 su—

405 2540 821 2613 perstitionum
858 2539 1206 2604 imitatores,
1243 2543 1307 2593 ut
1337 2539 1559 2594 casteria
1605 2539 1662 2593 in
1722 2539 1893 2593 rebus
1925 2554 2057 2593 cum

412 2628 762 2684 Christianis
793 2629 1132 2684 orthodoxis
1191 2628 1563 2694 conveniant,
1624 2629 1679 2682 in
1743 2628 1849 2684 hoc
1907 2633 2062 2684 certe

411 2719 794 2783 dissentiunt,
821 2719 975 2790 quod
1023 2718 1259 2790 gentilis
1282 2718 1716 2789 supoistitionis
1747 2717 2062 2774 studiosio-

419 2825 509 2862 res
543 2825 730 2880 eaque,
763 2808 1025 2879 genesin,
1060 2806 1168 2863 hoc
1228 2811 1318 2862 est
1367 2807 1698 2862 natalitium
1737 2808 1922 2876 sidus,
1953 2807 2064 2862 for-

417 2900 651 2963 tunam,
688 2896 1429 2962 fatum,astronomiam,et
1479 2895 1848 2966 astrologiam
1892 2897 2064 2952 intro-

415 2985 638 3039 ducunt
670 2995 722 3040 et
755 2986 1059 3056 recipiunt.
1102 2985 1242 3039 ltem
1265 2984 1538 3039 vaticinia
1557 2990 1614 3041 et
1649 2985 2060 3055 divinationes,

415 3088 543 3142 qua:
580 3072 868 3144 auguriis,
903 3073 1201 3144 auspiciis,
1263 3071 1659 3139 cledonismis,
1693 3071 1800 3128 hoc
1841 3077 1929 3127 est
1971 3074 2059 3126 in-

410 3161 552 3216 certi
589 3161 845 3216 auctoris
878 3162 1235 3230 rumoribus,
1268 3161 1719 3232 expiatiouibus,
1751 3160 2055 3234 prodigiis,

409 3250 932 3318 incantationibus,
965 3255 1022 3307 et
1051 3251 1271 3306 caeteris
1303 3251 1356 3306 id
1391 3267 1576 3323 genus
1608 3255 1898 3315 constant,
1941 3267 2055 3306 non

409 3341 817 3405 sinedizrum,
883 3340 1198 3408 mensium,
1260 3345 1588 3412 temporum
1651 3356 2058 3412 annorumque

410 3427 844 3490 observatione,
879 3427 1307 3499 amplexantur.

722 3559 1015 3612 Haereseos
1038 3555 1400 3626 praecedentis
1429 3557 1751 3626 con/ulatio.

486 3667 617 3716 Haec
649 3679 876 3733 quoque
906 3663 1093 3718 omnia
1131 3661 1474 3718 Christianis
1523 3662 1858 3719 hominibus
1906 3681 2061 3720 aver-

413 3753 597 3809 sanda
631 3760 787 3820 sunt,
822 3767 1069 3824 quorum
1095 3768 1226 3821 spes
1257 3753 1451 3807 omnis
1474 3769 1507 3807 a
1541 3757 1650 3808 Deo
1679 3752 1902 3824 Optimo
1936 3771 2057 3810 ma-

411 3842 566 3896 ximo
602 3842 914 3914 dependet.
951 3841 1092 3896 Nam
1123 3840 1172 3896 si
1196 3842 1347 3912 apud
1382 3841 1562 3897 Deum
1597 3841 1684 3897 vel
1730 3843 1925 3914 capilli
1956 3860 2058 3898 no-

410 3931 510 3984 stri
549 3931 836 3984 numerati
874 3938 1034 3998 sunt,
1070 3947 1177 3985 nec
1213 3929 1368 3985 ullus
1425 3947 1753 4001 passerum,
1795 3936 1894 4003 qui
1927 3949 2059 3989 asse

407 4023 682 4084 veneunt,
716 4017 774 4072 in
809 4020 1158 4087 cujusquam
1195 4024 1314 4073 rete
1345 4020 1568 4090 absque
1622 4021 1717 4074 Dei
1763 4020 2059 4077 voluntate

409 4107 566 4160 cadit
597 4107 650 4160 ἐ
692 4107 931 4177 ipseque
973 4107 1118 4161 adeo
1170 4107 1355 4162 Jobus
1414 4107 1593 4161 animi
1658 4109 2060 4180 magnitudine

415 4200 648 4250 caeteros
681 4213 884 4250 omnes
917 4196 1293 4261 antecellens,
1345 4212 1476 4250 cum
1527 4212 1761 4251 uxorem
1802 4197 2060 4270 increpa-

413 4292 531 4339 ret:
568 4285 625 4338 Si
657 4285 815 4351 bona,
851 4285 1100 4351 dicebat,
1133 4285 1198 4339 de
1226 4301 1400 4340 manu
1443 4285 1667 4340 Domini
1703 4287 2056 4358 suscepimus,

409 4373 558 4427 mala
590 4389 762 4444 quare
789 4390 896 4427 non
923 4375 1292 4429 sustineamus
1325 4373 1417 4428 ‘0?
1449 4373 1584 4428 hinc
1641 4375 1901 4430 divinum
1954 4393 2060 4432 au—

403 4460 612 4515 xilium
678 4468 885 4532 praesto
945 4461 1174 4517 cunctis
1247 4463 1419 4518 rebus
1478 4477 1626 4530 esse,
1688 4462 2056 4534 perspicuum

410 4556 518 4606 est.

483 4642 586 4704 Qui
617 4657 752 4710 ergo
776 4640 900 4694 ﬁeri
924 4643 1131 4709 potest,
1167 4645 1229 4693 ut
1276 4656 1344 4694 ex
1369 4641 1706 4711 hujusmodi
1729 4642 2050 4698 affectioni-

415 4727 544 4793 bus,
578 4728 836 4798 itemque
868 4744 934 4783 ex
965 4732 1257 4782 astrorum
1319 4729 1748 4801 progressibus,
1774 4735 2055 4799 regressi—

411 4817 726 4885 bus,variis
754 4817 978 4888 ﬁguris,
1010 4821 1066 4872 et
1096 4833 1296 4872 earum
1343 4817 1863 4886 observationibus,
1897 4838 2056 4877 com—

410 4907 567 4961 modi
605 4912 704 4960 aut
733 4905 1084 4961 incommodi
1109 4905 1432 4977 quidquam
1466 4908 1517 4961 ei
1549 4907 1809 4963 accidere
1858 4915 2052 4980 queat,

407 4996 505 5066 qui
544 4996 718 5050 rebus
751 4995 868 5049 illis
909 4994 1168 5049 intentus
1201 4994 1418 5050 fuerit?
1445 4996 1500 5050 Si
1561 4996 1714 5051 enim
1748 4997 2051 5066 elementa,

405 5101 518 5140 non
557 5101 720 5138 secus
752 5089 926 5155 atque
960 5083 1226 5139 homines
1259 5083 1390 5155 ipsi,
1425 5084 1688 5155 subjecta
1731 5090 1869 5140 sunt
1908 5086 2054 5142 divi-

409 5190 482 5228 no
517 5174 703 5242 nutui,
738 5191 852 5244 quo
887 5174 1125 5228 tandem
1185 5174 1353 5229 modo
1386 5173 1656 5229 humanae
1705 5176 2052 5245 conjecturae

413 5268 606 5332 patere
639 5268 928 5334 poterunt,
959 5262 1014 5316 in
1049 5262 1264 5333 quibus
1296 5261 1528 5318 divinus
1569 5262 1666 5318 ille
1715 5268 1916 5320 contra
1950 5282 2053 5321 nos

409 5359 622 5417 motus,
657 5352 1162 5408 observationibus
1195 5351 1427 5406 illorum
1491 5353 1817 5408 contrarius
1856 5354 2056 5425 depre-

406 5437 731 5496 henditur?
779 5443 921 5500 Nam
985 5442 1252 5508 sicunde,
1310 5442 1464 5498 verbi
1543 5443 1751 5515 gratia,
1833 5444 2051 5501 bellum

2167 556 2276 618 est,
2311 551 2412 622 qui
2443 567 2605 606 mare
2633 549 2962 618 conturbat,
2997 548 3396 620 permiltitquc
3435 552 3501 604 ut
3561 549 3823 604 militum

2165 640 2224 694 in
2262 655 2368 695 nos
2400 641 2502 694 fiat
2522 639 2802 695 incursio.
2836 639 3117 703 Quocirca
3139 636 3358 693 bellum
3394 637 3741 706 suscitasse,
3769 648 3828 694 ul

2164 742 2234 783 ex
2266 729 2558 800 plerisque
2589 729 2920 784 divinarum
2945 726 3383 798 Scripturarum
3435 725 3581 782 locis
3632 729 3829 783 videre

2163 824 2271 883 est,
2304 818 2391 874 vel
2429 834 2631 874 navem
2667 834 2784 873 una
2813 833 2946 872 cum
3009 816 3422 888 navigantibus
3467 817 3824 873 demersisse

2167 907 2370 964 merito
2429 907 2683 964 dicatur.
2739 907 2952 963 Contra
3009 922 3165 972 vero,
3222 905 3316 961 hic
3370 906 3545 961 astris
3581 906 3821 962 inhians

2161 996 2633 1053 Mammacuthus
2659 995 2913 1064 duci,cui
2941 996 3276 1066 internecio,
3300 996 3578 1064 navisque
3601 997 3813 1066 guber-

2164 1085 2376 1156 natori,
2434 1086 2526 1141 cui
2585 1086 2958 1158 naufragium
3019 1084 3348 1152 immineat,
3407 1085 3622 1141 ofﬁciis
3669 1087 3813 1141 artis

2166 1185 2358 1242 utens,
2391 1192 2518 1247 qua
2550 1174 2744 1230 letum
2778 1182 2835 1230 et
2866 1175 3227 1230 fortunatum
3287 1175 3441 1230 diem
3497 1174 3814 1246 pollicean-

2162 1267 2278 1329 tur,
2311 1264 2395 1318 illi
2426 1264 2687 1336 quidem,
2721 1272 2781 1319 ut
2829 1263 3013 1320 aciem
3065 1264 3339 1330 instruat,
3385 1263 3522 1320 huic
3566 1280 3718 1330 vero,
3754 1269 3815 1320 ut

2163 1369 2323 1409 oram
2358 1355 2563 1422 solvat,
2595 1353 2840 1425 velaque
2881 1353 3194 1424 expandat,
3244 1359 3453 1409 auctor
3501 1361 3610 1410 est.
3644 1354 3822 1409 Num-

2162 1460 2300 1499 nam
2328 1443 2509 1516 igitur
2539 1448 2833 1499 astrorum
2875 1436 3201 1500 concursus
3249 1448 3307 1498 et
3354 1445 3640 1500 connexio
3688 1462 3824 1501 con-

2163 1531 2356 1588 silium
2393 1532 2488 1588 l)ei
2518 1533 2897 1602 praevertisse,
2957 1537 3060 1588 aut
3108 1533 3358 1604 energies
3417 1538 3594 1605 atque
3623 1536 3821 1592 efﬁca-

2163 1622 2265 1677 cia:
2295 1621 2557 1692 majoris,
2591 1638 2766 1694 quam
2800 1622 2929 1694 ipsa
2983 1622 3390 1694 cunctipotens
3444 1625 3540 1680 Dei
3593 1641 3813 1681 manus

2162 1726 2290 1767 esse
2321 1711 2593 1767 dicetur?
2622 1711 2844 1783 Impius
2865 1717 3018 1768 certe
3049 1711 3244 1779 fuerit,
3282 1713 3328 1768 si
3369 1713 3498 1784 quis
3551 1715 3642 1770 vel
3672 1716 3819 1771 taci-

2161 1807 2258 1858 tus
2291 1802 2366 1856 ita
2400 1818 2598 1858 secum
2631 1805 2879 1874 reputet.

2237 1891 2345 1955 Qui
2377 1892 2441 1947 ﬁt
2471 1895 2690 1958 autem,
2725 1896 2788 1947 ut
2825 1908 2893 1948 ex
2925 1891 3152 1948 duobus
3185 1893 3443 1965 regibus,
3477 1894 3579 1965 qui
3612 1895 3824 1952 iisdem

2167 1997 2411 2052 prorsus
2443 1980 2722 2036 omnibus
2753 1985 3049 2037 certamen
3082 1980 3624 2052 inierunt,utroque
3646 1985 3825 2040 victo-

2169 2070 2312 2126 riam
2340 2085 2408 2124 ex
2454 2067 2731 2141 astrologi
2792 2069 3101 2126 familiaris
3160 2070 3639 2142 prsedictionibus
3696 2091 3827 2145 spe-

2167 2166 2355 2227 rante,
2389 2157 2485 2213 ille
2519 2157 2753 2230 quidem
2785 2163 3068 2231 tropeum
3130 2159 3340 2231 erigat,
3373 2160 3466 2216 hic
3523 2167 3714 2217 autem
3761 2163 3819 2218 in

2169 2246 2402 2302 vincula
2431 2248 2752 2318 conjectus,
2786 2247 3135 2320 turpissima
3156 2265 3405 2320 quisque
3434 2251 3627 2306 subire
3657 2268 3823 2319 coga-

2168 2339 2262 2391 tur
2285 2335 2312 2390 ?
2343 2336 2614 2407 quamvis
2645 2337 2848 2392 eodem
2895 2336 3216 2408 horoscopo
3276 2355 3422 2394 usus
3482 2340 3676 2407 fuerit,
3709 2358 3820 2413 quo

2170 2425 2287 2480 dux
2312 2424 2432 2494 ille,
2463 2426 2554 2479 cui
2587 2425 2922 2492 succubuit,
2958 2442 3102 2481 usus
3135 2432 3224 2482 est
3249 2427 3277 2482 ?

2240 2513 2370 2568 Haec
2398 2531 2569 2586 porro
2601 2515 2649 2570 si
2682 2515 2817 2586 quis
2857 2515 3208 2586 exquisitius
3265 2518 3617 2588 consideret,
3680 2522 3830 2576 utri-

2168 2618 2356 2674 usque
2390 2603 2634 2658 fortuuaa
2666 2608 2724 2659 et
2756 2604 2880 2672 fati,
2931 2619 3035 2660 nec
3086 2621 3199 2660 non
3252 2607 3496 2662 curiosas
3528 2613 3826 2664 astrorum

2169 2691 2603 2762 disquisitionis
2633 2693 2784 2748 vires
2808 2691 3000 2748 nullas
3024 2709 3175 2760 esse,
3207 2695 3294 2749 vel
3318 2711 3386 2750 ex
3415 2697 3546 2768 Cyri
3580 2703 3643 2752 et
3671 2699 3828 2754 Crte-

2167 2779 2217 2834 si
2250 2779 2515 2852 historia,
2549 2781 2961 2852 deprehendet.
3011 2781 3242 2839 Crmsus
3291 2785 3445 2839 enim
3503 2786 3699 2858 Lydiae
3731 2805 3829 2844 rex

2167 2874 2225 2925 et
2256 2870 2686 2941 provinciarum
2714 2872 3004 2940 omnium,
3036 2889 3159 2941 quas
3191 2873 3262 2927 ad
3304 2874 3602 2930 Tharsum
3641 2893 3828 2948 usque

2165 2959 2618 3030 protenduntur,
2674 2960 2820 3031 Cyro
2869 2962 3147 3015 terrorem
3202 2977 3271 3016 ex
3335 2979 3400 3017 eo
3480 2964 3825 3031 incutiebat,

2167 3049 2320 3119 quod
2346 3048 2610 3120 pecuniis
2639 3049 2988 3116 abundaret,
3011 3066 3260 3120 quarum
3284 3050 3656 3109 adminiculo
3676 3059 3826 3110 Gra-

2171 3151 2269 3191 cos
2299 3145 2352 3191 et
2383 3137 2528 3192 alios
2561 3136 2807 3208 populos
2867 3138 2938 3192 ad
2995 3138 3330 3194 societatem
3366 3147 3422 3195 et
3461 3142 3686 3198 auxilia
3715 3145 3827 3214 pel-

2090 3197 2132 3264 C
2171 3225 2346 3281 licere
2378 3197 2594 3297 posset.
2628 3197 2811 3298 Cyrus
2842 3242 2873 3282 e
2929 3228 3220 3283 contrario
3271 3229 3537 3286 Crcesum
3575 3197 3825 3304 pet-terre

2170 3313 2438 3381 faciebat,
2472 3314 2814 3370 bellicarum
2860 3332 3077 3382 rerum,
3111 3322 3627 3390 stratagematum,
3662 3323 3827 3377 aciei-

2170 3419 2284 3475 que
2313 3402 2669 3459 instruendae
2701 3404 2929 3475 peritia,
2961 3421 3076 3476 qua
3101 3406 3339 3476 quidem
3404 3414 3615 3480 gentes
3650 3428 3823 3481 quam

2169 3491 2457 3564 plurimas
2489 3494 2814 3562 subegerat,
2841 3498 2897 3548 et
2920 3510 3038 3549 suae
3061 3495 3644 3567 ditionisubjecerat.
3681 3502 3822 3556 Cum

2167 3579 2349 3651 igitur
2377 3585 2624 3652 uterque
2657 3598 2725 3636 ea
2757 3588 3164 3654 praeparasset,
3194 3599 3324 3655 quas
3382 3585 3537 3642 bello
3568 3591 3823 3658 gerendo

2169 3671 2496 3727 necessaria
2524 3671 2890 3740 videbantur,
2924 3673 3156 3729 Crassus
3214 3672 3444 3746 quidem
3502 3679 3559 3732 in
3619 3680 3818 3750 praelia

2169 3759 2505 3824 succubuit,
2531 3758 2618 3814 vel
2641 3760 2929 3832 Apollinis
2950 3760 3204 3830 oraculo,
3238 3764 3394 3835 quod
3449 3763 3530 3820 ita
3567 3783 3811 3836 premo~

2171 3852 2398 3903 nuerat.
2434 3849 2650 3904 Crassus
2697 3847 2902 3920 Halym
2957 3866 3245 3921 superans,
3307 3870 3559 3924 magnam
3611 3869 3813 3910 consu-

2169 3939 2274 3992 met
2326 3952 2488 4007 opum
2539 3935 2695 4004 vim;
2755 3939 2927 4008 cujus
2977 3939 3216 4010 quidem
3283 3943 3502 3997 oraculi
3577 3944 3820 3999 nomine

2171 4025 2487 4096 Apollinem
2531 4027 2801 4082 ducentis
2827 4027 3110 4083 lateribus
3131 4031 3326 4086 aureis
3357 4031 3824 4104 donaverat,quo

2173 4121 2430 4187 tempore
2471 4121 2529 4171 et
2557 4115 2792 4172 oraculo
2821 4117 2972 4189 ipso,
3003 4123 3060 4175 et
3089 4124 3550 4193 astronugonum
3582 4125 3827 4194 pradic-

2173 4205 2430 4260 tionibus
2465 4205 2646 4261 fretus
2677 4222 2842 4262 arma
2870 4213 3072 4263 contra
3099 4212 3308 4281 Cyrum
3341 4218 3626 4278 moverat,
3644 4219 3828 4287 Cyrus

2172 4310 2301 4349 vero
2329 4298 2529 4350 contra
2562 4296 3036 4366 praedictionibus
3065 4299 3495 4368 astrologorum
3547 4303 3623 4356 ab
3653 4319 3826 4374 expe-

2170 4383 2389 4439 ditione
2421 4390 2626 4439 contra
2681 4384 2943 4443 Croesum
3006 4388 3385 4461 suscipienda
3440 4393 3829 4449 revocabatur

2169 4474 2440 4545 (quorum
2467 4474 2700 4544 quidem
2736 4479 2884 4530 nutu
2915 4475 3232 4533 Chaldaica
3290 4481 3450 4552 regio
3501 4486 3649 4537 tunc
3680 4488 3826 4539 tem-

2090 4581 2132 4644 Ι)
2165 4561 2323 4634 poris
2357 4578 2474 4633 prae
2504 4563 2726 4618 caeteris
2755 4565 3028 4621 omnibus
3059 4569 3320 4636 gentium
3374 4570 3697 4639 provinciis
3729 4572 3828 4626 ad-

2165 4649 2632 4721 ministrabatur)
2665 4659 2837 4723 atque
2868 4653 3013 4709 adeo
3044 4657 3114 4710 ab
3166 4655 3284 4712 illis
3345 4659 3727 4722 monebatur.
3763 4667 3826 4716 ut

2167 4737 2324 4794 aliud
2375 4738 2433 4793 in
2492 4743 2723 4808 tempus
2776 4743 3193 4811 profectionem
3259 4745 3534 4801 differret.
3604 4749 3828 4805 Divinis

2166 4831 2358 4884 autem
2391 4827 2646 4882 Danielis
2669 4828 2929 4886 consiliis
2988 4848 3328 4903 persuasus,
3386 4836 3484 4907 qui
3545 4844 3831 4895 cunctan-

2167 4915 2306 4968 dum
2342 4931 2454 4968 non
2487 4929 2634 4979 esse,
2696 4917 2796 4972 sed
2856 4921 3064 4974 contra
3121 4922 3554 4990 procedendum
3619 4932 3830 4982 auctor

2164 5008 2311 5070 erat,
2344 5005 2482 5073 quia
2514 5002 2789 5060 nimirum
2818 5005 2971 5061 Deus
3001 5008 3319 5078 gloriosam
3379 5010 3463 5066 illi
3512 5013 3825 5070 victoriam

2165 5097 2481 5163 paraturus
2512 5097 2688 5157 esset,
2712 5094 2912 5164 paucis
2947 5096 3158 5166 praeliis
3188 5097 3450 5155 Crcesum
3497 5101 3557 5157 in
3619 5103 3823 5174 fugam

2166 5183 2350 5247 vertit,
2379 5181 2686 5251 vivumque
2715 5182 2954 5240 tandem
2984 5186 3158 5258 cepit,
3195 5191 3371 5245 totius
3431 5190 3688 5262 denique
3721 5195 3828 5248 im-

2165 5270 2306 5342 perii
2339 5269 2467 5339 ejus
2500 5271 2658 5326 brevi
2693 5276 2954 5344 tempore
2986 5275 3266 5332 dominus
3298 5278 3499 5334 evasit.

2235 5359 2387 5414 Audi
2416 5375 2550 5415 vero
2580 5363 2665 5428 tu,
2698 5362 2802 5432 qui
2833 5364 3202 5419 astronomia;
3242 5367 3531 5434 addictus,
3584 5375 3647 5424 et
3695 5371 3826 5426 dies

2165 5449 2221 5501 et
2250 5450 2512 5519 tempora
2541 5446 2837 5517 observas,
2872 5449 3010 5520 quid
3046 5449 3326 5524 Babyloni
3378 5453 3670 5513 Dominus
3721 5474 3825 5530 per

477 5610 499 5643 ⁸
528 5613 656 5664 Act.
691 5628 730 5674 ι,
765 5613 850 5664 11.
926 5612 947 5643 ⁷
979 5615 1100 5668 Act.
1135 5631 1232 5682 vii,
1265 5613 1358 5670 55.
1433 5617 1452 5651 ⁸
1484 5617 1660 5674 Marc.
1690 5635 1805 5687 xvi,
1836 5618 1920 5675 19.
2001 5618 2056 5673 91

2171 5618 2248 5676 th.
2280 5636 2336 5688 ι,
2367 5619 2458 5690 29,
2490 5621 2580 5678 30.
2661 5621 2708 5662 ⁸ο
2734 5621 2866 5684 Job.
2902 5641 2966 5698 ii,
2993 5623 3084 5683 {0.
