4090 6192
292 321 453 384 1345

1644 318 2033 380 THESAURI
2079 317 2226 380 LIB.
2274 316 2380 380 ιν.

3546 321 3705 381 1346

294 459 393 516 Dei
425 457 766 515 ministrum
798 455 1144 529 prophetam
1180 453 1388 510 Isaiam
1421 454 1595 522 dicat,
1625 470 1802 525 super
1844 452 1939 523 iis,
1972 455 2024 520 Α
2057 458 2137 507 est
2168 469 2201 506 a
2240 469 2347 509 me.
2406 452 2537 509 Sine
2592 469 2757 509 causa
2809 460 2995 509 autem
3050 453 3236 509 colunt
3281 468 3386 518 me,
3446 452 3705 511 docentes

296 565 424 621 quae
476 546 938 604 Nabuchonosor
994 548 1195 601 contra
1260 544 1462 599 urbem
1522 541 1946 613 Hierosolymo-

295 654 425 696 rum
451 636 802 711 designavit,
834 652 965 692 cum
1001 634 1104 691 illa
1133 633 1256 691 solo
1316 637 1566 706 aequata,
1616 631 1951 704 temploque

294 728 552 785 ﬂammis
582 728 919 799 absumpto,
956 723 1240 798 populum
1301 724 1595 797 captivum
1653 720 1897 778 abduxit
1930 717 1947 759 τ

295 818 602 889 Propterea
655 816 811 889 quod
890 815 1175 871 desertam
1258 813 1566 871 reddidisti
1647 811 1944 868 civitatem

293 922 510 977 meam,
542 922 650 961 nec
681 903 882 977 populi
916 904 1026 959 mei
1057 905 1335 960 misertus
1364 919 1449 968 es,
1497 903 1761 958 desertos
1811 900 1944 956 red-

290 996 425 1051 dam
459 1010 662 1052 muros
693 1000 850 1064 tuos,
883 999 942 1050 et
969 1009 1243 1064 campum
1275 991 1656 1050 desolationis
1686 994 1940 1045 statuam

292 1090 365 1141 te.
401 1084 733 1157 Exsurgant
762 1099 900 1156 ergo
935 1082 1209 1153 astrologi
1251 1082 1361 1148 tui,
1413 1086 1471 1138 et
1519 1080 1859 1155 praedicant,
1892 1080 1944 1135 si

295 1173 489 1247 possis
521 1173 774 1246 effugere
808 1188 1047 1227 manum
1083 1171 1312 1228 Domini
1344 1171 1408 1227 η.

360 1262 490 1318 Alia
522 1276 756 1334 quoque
788 1259 1073 1316 nonnulla
1124 1259 1496 1330 propheticus
1544 1259 1691 1318 liber
1732 1263 1803 1317 de
1836 1259 1943 1316 fal-

298 1349 547 1423 siloquis
579 1348 893 1421 astrologis
925 1347 1230 1419 percurrit,
1277 1364 1408 1420 quae
1460 1348 1605 1405 mihi
1664 1350 1943 1406 memoria

297 1439 660 1505 exciderunt,
693 1439 774 1494 ita
804 1441 868 1492 ut
900 1435 1181 1493 verbatim
1236 1435 1337 1492 illa
1397 1438 1610 1494 referre
1654 1438 1781 1509 jam
1827 1455 1940 1494 non

297 1527 377 1583 sit
407 1527 718 1599 integrum.
751 1526 1056 1582 Perierunt.
1111 1525 1269 1581 enim
1324 1524 1481 1593 libri,
1540 1542 1756 1596 eosque
1807 1530 1937 1581 tan-

293 1634 471 1690 quam
507 1617 567 1673 in
600 1616 726 1673 Orci
758 1620 1041 1682 ventrem,
1090 1615 1175 1672 vel
1228 1616 1571 1672 Laconicam
1630 1614 1937 1683 latebram,

296 1706 633 1762 Latinorum
666 1708 916 1772 ventres,
947 1720 1066 1760 una
1122 1720 1258 1760 cum
1316 1704 1527 1776 opibus
1571 1709 1627 1759 et
1676 1703 1940 1777 pecuniis

293 1797 440 1853 meis
470 1796 918 1867 absorpserunt:
957 1793 1157 1849 multis
1189 1793 1423 1865 quidem
1459 1794 1599 1861 illis,
1632 1810 1737 1849 nec
1771 1794 1938 1849 lucu-
1974 1822 2020 1888 Β

297 1885 469 1941 lentis
502 1883 616 1940 illis
646 1883 856 1955 opibus
887 1882 1207 1950 absimiles,
1241 1899 1369 1954 quae
1410 1882 1802 1954 imperialium
1855 1882 1941 1938 of-

297 1974 560 2030 ﬁciorum
595 1973 852 2041 fuerunt,
883 1972 1096 2044 quibus
1143 1972 1344 2029 ordine
1401 1972 1702 2046 graduque
1747 1971 1943 2028 debito

298 2080 431 2121 sum
463 2062 900 2119 cohonestatus.

369 2152 519 2218 Quin
550 2156 609 2208 et
633 2151 870 2219 Paulus,
903 2167 969 2207 os
1018 2151 1213 2223 ipsum
1261 2149 1499 2221 Christi,
1542 2150 1761 2223 quique
1814 2165 1944 2207 om-

297 2258 429 2299 nem
464 2242 581 2298 fere
609 2244 1388 2313 terram,quantamcunque
1418 2240 1505 2297 sol
1548 2240 1945 2313 pulcherrimo

300 2332 425 2405 igni
458 2346 565 2388 suo
592 2331 911 2404 expositam
944 2330 1112 2398 fovet,
1135 2329 1503 2402 pradicando
1545 2329 1851 2402 percurrit,
1884 2328 1944 2384 in

292 2419 554 2493 Epistola
589 2421 661 2475 ad
693 2418 928 2476 Galatas
950 2419 1031 2475 ita
1060 2419 1281 2485 dicens,
1314 2418 1811 2491 deprehenditur:
1845 2416 1947 2474 Sed

299 2518 432 2565 tunc
458 2508 683 2580 quidem
722 2509 1041 2579 ignorantes
1090 2509 1284 2579 Deum,
1341 2507 1414 2564 iis
1458 2510 1554 2581 qui
1590 2510 1792 2564 natura
1836 2522 1947 2563 non

296 2608 428 2656 sunt
453 2600 556 2669 dii,
616 2598 956 2656 serviebatis.
1013 2599 1166 2654 Nunc
1221 2602 1408 2655 autem
1462 2615 1586 2654 cum
1623 2599 1943 2671 cognoveri-

297 2691 369 2745 tis
394 2689 587 2755 Deum,
620 2690 736 2744 imo
765 2688 972 2758 cogniti
994 2687 1121 2745 sitis
1165 2705 1199 2744 a
1249 2689 1372 2759 Deo,
1413 2686 1679 2760 quomodo
1722 2703 1946 2745 conver-

305 2777 492 2834 timini
521 2781 722 2834 iterum
751 2779 831 2834 ad
861 2776 1090 2847 inﬁrma
1116 2782 1170 2834 et
1197 2792 1367 2849 egena
1405 2776 1698 2845 elementa,
1749 2776 1948 2848 quibus

306 2866 484 2922 denuo
515 2869 724 2924 servire
752 2867 920 2923 vultis
938 2866 968 2922 τ
996 2867 1123 2923 Dies
1154 2866 1471 2934 observatis,
1524 2874 1576 2923 et
1624 2882 1859 2932 menses,
1893 2870 1947 2922 et

308 2963 576 3028 tempora,
601 2961 653 3012 et
681 2972 876 3014 annos.
914 2958 1093 3012 Timeo
1144 2971 1257 3025 vos,
1310 2972 1380 3013 ne
1425 2958 1570 3028 forte
1621 2957 1740 3011 sine
1785 2971 1950 3011 causa

321 3044 686 3102 laboraverim
707 3045 767 3101 in
796 3045 969 3103 vobis.
1003 3047 1179 3102 Estote
1230 3044 1373 3102 sicut
1423 3060 1542 3116 ego,
1590 3043 1723 3116 quia
1757 3047 1809 3100 et
1855 3058 1949 3115 ego

299 3135 446 3189 sicut
473 3147 564 3189 vos
595 3133 662 3189 ¹².

374 3220 575 3293 Itaque
604 3222 876 3296 quisquis
907 3222 1297 3281 observationi
1328 3226 1619 3279 astrorum
1664 3222 1944 3277 immors-
1981 3192 2024 3259 θ

302 3315 416 3378 tur,
447 3310 636 3382 iisque
669 3312 840 3368 fidem
871 3311 1067 3380 habet,
1102 3328 1231 3384 quas
1271 3311 1344 3367 ab
1392 3311 1698 3383 astrologis
1744 3311 1949 3366 dicun-

299 3402 417 3468 tur,
443 3399 618 3457 tacite
651 3399 1023 3467 Mercurium,
1050 3404 1395 3466 Saturnum,
1427 3401 1688 3469 Martem,
1730 3406 1787 3456 et
1842 3416 1947 3456 ets-

297 3492 422 3543 tera
450 3489 641 3542 sidera
672 3487 831 3552 colit,
863 3505 992 3559 quae
1020 3493 1179 3545 motu
1212 3506 1319 3546 suo
1347 3489 1409 3546 in
1447 3490 1645 3546 orbem
1693 3490 1945 3546 circum-

297 3577 588 3651 feruntur.
623 3575 900 3638 Quamvis
931 3578 1084 3633 enim
1121 3593 1222 3635 nec
1252 3594 1429 3635 aereas
1455 3579 1594 3651 illis,
1646 3594 1751 3635 nec
1791 3578 1942 3649 lapi-

297 3663 438 3721 deas
469 3662 749 3735 imagines
777 3670 1094 3736 consecret,
1154 3682 1259 3723 nec
1311 3673 1446 3723 actu
1504 3668 1575 3722 ad
1623 3669 1943 3723 orationem

300 3768 416 3825 pra:
446 3768 510 3808 se
540 3753 707 3821 ferat,
738 3752 810 3809 iis
839 3758 1037 3811 tamen
1070 3753 1250 3810 alium
1281 3755 1505 3811 cultum
1533 3754 1803 3812 exhibere
1847 3770 1944 3811 eo-

298 3841 586 3913 arguitur,
631 3857 700 3897 eo
757 3842 915 3915 quod
972 3858 1042 3899 ex
1110 3842 1345 3900 illorum
1403 3843 1943 3902 circumvolutionis

298 3928 604 3986 etl'ectibus
641 3930 948 4003 dependet.
1009 3931 1248 4005 Oportet
1297 3934 1479 4003 enim,
1548 3938 1613 3988 ut
1671 3932 1776 4004 qui
1825 3932 1943 3989 veri

298 4018 616 4076 Christiani
648 4036 857 4078 nomen
891 4038 1005 4078 non
1038 4022 1424 4088 mentiuntur,
1455 4021 1656 4077 omnia
1687 4036 1803 4076 uno
1831 4036 1939 4077 eo-

297 4109 747 4182 demque.modo
777 4110 1103 4182 enuntient,
1131 4126 1254 4181 quas
1292 4126 1324 4164 a
1380 4109 1572 4165 divina
1626 4108 1941 4166 Providen-

302 4202 382 4255 tia
414 4199 781 4270 proveniunt,
813 4199 922 4256 hoc
979 4215 1112 4255 cum
1171 4197 1377 4254 Davide
1430 4197 1790 4270 psallentes:
1822 4197 1941 4252 Ad-

293 4287 454 4346 haesit
478 4291 670 4346 anima
689 4306 812 4346 mea
835 4293 955 4362 post
984 4292 1034 4346 te
1066 4290 1129 4345 ¹³.

366 4381 530 4445 Quod
560 4380 611 4436 ei
642 4380 773 4453 quis
804 4380 1007 4453 lingua
1036 4379 1269 4453 quidem
1307 4384 1485 4436 Deum
1516 4395 1646 4435 esse
1668 4379 1937 4446 fateatur,

294 4470 467 4541 cujus
494 4477 635 4526 nutu
665 4475 723 4526 et
748 4470 992 4527 consilio
1022 4474 1234 4527 cuncta
1261 4469 1602 4541 succedant,
1628 4473 1692 4525 ut
1732 4472 1941 4525 cuncta

2058 541 2341 597 doctrinas
2398 550 2449 597 ct
2507 543 2781 598 mandata
2839 542 3146 606 hominum,
3196 547 3535 598 attendentes
3589 543 3704 613 spi-

2059 630 2258 686 ritibus
2287 633 2511 698 erroris,
2561 642 2611 686 et
2669 632 2738 686 ad
2787 630 3218 703 falsiloquas“;
3279 637 3475 687 vatum
3530 631 3703 703 nugis

2055 719 2314 774 animum
2341 718 2739 792 appellentes:
2803 721 2935 792 quia
2994 737 3062 777 ea
3114 721 3349 792 quidem
3406 720 3557 776 seire
3588 722 3706 786 sibi

2055 806 2351 877 videntur,
2391 825 2517 881 quas
2548 826 2725 881 supra
2760 809 2951 873 caelos,
2985 819 3037 865 et
3068 811 3178 864 sub
3209 815 3367 864 terra
3407 820 3567 875 sunt,
3600 826 3704 865 nec

2056 894 2286 952 interim
2313 897 2871 968 advertunt,quanta
2894 898 3105 974 mentis
3129 900 3384 953 caecitate
3416 898 3703 963 laborent,

2054 994 2109 1040 et
2142 990 2503 1058 quantOpere
2534 984 2835 1053 fallantur,
2867 995 3042 1057 atque
3088 988 3144 1040 in
3195 988 3461 1042 eamdem
3506 1002 3704 1042 secum

2057 1072 2346 1144 fraudem,
2373 1080 2430 1129 et
2459 1076 2608 1130 idem
2656 1076 2919 1142 exitium,
2979 1092 3078 1132 eos
3130 1075 3496 1147 pertrahant,
3529 1093 3702 1147 quos-

2054 1181 2285 1235 cunque
2314 1182 2453 1221 suos
2484 1164 2542 1219 in
2574 1180 2772 1221 casses
2803 1165 3071 1238 pellicere
3097 1167 3415 1237 potuerint.

2127 1265 2202 1318 lis
2228 1265 2379 1319 enim
2412 1263 2512 1335 qui
2545 1280 2752 1336 parum
2785 1264 3046 1336 sapiunt,
3098 1282 3204 1320 nec
3256 1282 3417 1337 spem
3469 1281 3697 1321 onmem

2051 1351 2109 1407 in
2141 1350 2258 1408 Deo
2291 1357 2699 1423 reposuerunt,
2733 1351 2961 1408 facilem
2994 1359 3053 1409 et
3083 1353 3388 1424 quibusvis
3422 1370 3700 1424 exprom-

2052 1445 2208 1513 ptam
2236 1458 2364 1497 esse
2385 1441 2718 1497 futurorum
2736 1443 3117 1512 cognitionem
3145 1443 3709 1513 persuadent,atque

2052 1529 2235 1584 motui
2264 1537 2553 1585 astrorum
2583 1546 2650 1585 ea
2686 1530 3029 1598 tribuentes,
3062 1548 3186 1601 quae
3218 1531 3425 1586 divinae
3471 1530 3700 1602 praecel-

2051 1616 2244 1672 lentiae
2274 1617 2505 1688 propria
2535 1622 2592 1671 et
2619 1617 2936 1688 peculiaria
2977 1622 3139 1684 sunt,
3186 1634 3220 1673 a
3259 1635 3405 1674 sana
3452 1620 3701 1675 erroris-

2052 1721 2165 1777 que
2194 1704 2388 1761 nescia
2418 1704 2691 1777 opinione
2717 1721 2816 1760 eos
2849 1705 3219 1773 abstrahunt,
3255 1708 3598 1777 quicunque
3631 1707 3705 1762 ad

2051 1793 2302 1852 anilium
2337 1808 2626 1865 nugarum
2660 1792 3191 1849 insusurrationem
3243 1793 3533 1865 proclives
3586 1796 3705 1850 fue-

2052 1882 2203 1938 rint:
2236 1882 2734 1954 quemadmodum
2759 1882 2934 1937 etiam
2967 1881 3250 1953 prepheta
3285 1882 3545 1938 Ezechiel
3588 1884 3703 1938 ait:

2052 1976 2186 2029 Haec
2213 1969 2349 2025 dicit
2376 1970 2638 2026 Dominus
2663 1970 2841 2025 Deus:
2873 1972 2957 2026 Vae
2975 1970 3261 2042 prophetis
3283 1971 3709 2041 insipientibus,

2049 2060 2146 2133 qui
2166 2064 2474 2131 sequuntur
2492 2060 2758 2131 spiritum
2777 2068 3020 2126 suum,et
3040 2059 3187 2114 nihil
3207 2059 3701 2131 vident.Numquid

2051 2165 2161 2204 non
2188 2148 2457 2205 visionem
2503 2163 2712 2203 cassam
2736 2147 2970 2215 vidistis,
3003 2153 3054 2203 et
3093 2147 3495 2203 divinationem
3546 2165 3704 2203 men-

2050 2239 2233 2295 dacem
2269 2236 2437 2294 locuti
2464 2235 2595 2292 estis
2617 2239 2642 2290 .9
2666 2243 2958 2309 propterea
2994 2238 3101 2292 erit
3130 2253 3333 2291 manus
3382 2253 3504 2291 mea
3534 2252 3702 2308 super

2047 2327 2360 2402 prophetas,
2424 2328 2523 2399 qui
2577 2327 2763 2383 vident
2817 2343 2988 2397 vana,
3040 2335 3092 2383 et
3144 2324 3403 2382 divinant
3460 2327 3694 2382 menda-

2052 2420 2200 2475 cium
2240 2416 2307 2471 ιδ.

2123 2515 2267 2583 Quia
2297 2532 2428 2572 vero
2485 2514 2621 2588 ipsa:
2680 2531 2911 2587 quoque
2969 2514 3308 2571 milierculaa
3367 2514 3697 2569 futurorum

2053 2604 2445 2677 cognitionem
2473 2604 2588 2661 sibi
2637 2604 3034 2669 vindicabant,
3064 2619 3262 2659 rursus
3292 2603 3373 2659 ait
3407 2603 3702 2675 prophetas

2052 2693 2377 2750 Dominus:
2425 2695 2492 2749 Et
2524 2698 2607 2761 tu,
2657 2691 2744 2764 ﬁli
2796 2692 3058 2759 hominis,
3108 2708 3249 2763 pone
3303 2692 3503 2762 faciem
3553 2701 3705 2746 tuam

2050 2792 2240 2839 contra
2268 2780 2422 2852 ﬁlias
2444 2781 2636 2853 pepuli
2667 2779 2903 2851 tui,quae
2922 2781 3253 2853 prophetam
3282 2780 3348 2834 de
3388 2780 3548 2835 corde
3576 2794 3701 2846 suo,

2052 2876 2103 2928 et
2124 2873 2436 2927 vaticinare
2461 2885 2628 2942 super
2650 2884 2765 2935 eas,
2814 2877 2864 2925 et
2912 2868 3041 2924 dic:
3093 2870 3212 2924 Haec
3260 2867 3395 2923 dicit
3433 2869 3701 2924 Dominus

2053 2961 2233 3016 Deus:
2264 2961 2350 3016 Vae
2379 2973 2505 3030 qua
2524 2967 2795 3014 consuunt
2845 2955 3110 3027 pulvillos
3166 2957 3266 3012 sub
3312 2959 3466 3013 omni
3519 2956 3703 3011 cubito

2055 3065 2296 3105 manus:
2325 3053 2381 3106 et
2407 3048 2622 3122 faciunt
2681 3046 2975 3103 cervicalia
3031 3046 3129 3102 sub
3187 3045 3369 3117 capite
3422 3046 3698 3100 universae

2052 3138 2235 3195 etatis
2259 3137 2329 3192 ad
2356 3135 2651 3209 capiendas
2686 3136 2926 3191 animas.
2980 3136 3041 3190 Et
3090 3135 3368 3191 violabant
3416 3150 3501 3189 me
3548 3131 3697 3203 apud

2051 3226 2319 3299 populum
2347 3241 2530 3281 meum
2577 3229 2800 3297 propter
2848 3224 3131 3295 pugillum
3188 3222 3399 3291 hordei,
3456 3228 3511 3277 et
3575 3224 3697 3292 fra-

2052 3331 2217 3385 gmen
2244 3315 2529 3386 panis:ut
2557 3313 2928 3384 interﬁcerent
2976 3313 3195 3368 animos
3245 3329 3364 3384 quae
3419 3327 3532 3365 non
3580 3325 3697 3365 mo-

2064 3404 2317 3470 riuntur,
2374 3408 2430 3458 et
2486 3402 2826 3473 viviﬁcarent
2882 3403 3121 3469 animos,
3180 3418 3300 3473 qum
3350 3415 3459 3455 non
3490 3401 3702 3471 vivunt,

2064 3493 2382 3549 mentientes
2410 3492 2610 3564 populo
2631 3506 2746 3547 meo
2774 3492 3017 3546 credenti
3050 3490 3354 3546 mendaciis
3387 3487 3448 3544 '6.

2126 3594 2221 3651 Sic
2250 3593 2405 3650 enim
2442 3609 2503 3649 se
2536 3608 2629 3648 res
2661 3590 2853 3647 habet.
2904 3591 3052 3647 Vera
3100 3592 3337 3662 quidem
3374 3587 3700 3660 prophetia,

2053 3689 2110 3740 et
2142 3682 2325 3739 futuri
2356 3680 2676 3754 praedictio,
2710 3697 2812 3752 pro
2843 3678 3256 3744 familiaritate,
3308 3694 3435 3748 quae
3485 3674 3704 3746 petenti

2054 3771 2279 3829 homini
2309 3787 2443 3826 cum
2477 3770 2594 3825 Deo
2625 3768 2953 3835 intercedit,
2985 3777 3037 3821 et
3098 3782 3199 3836 pro
3248 3764 3376 3834 ejus
3429 3763 3564 3826 tide,
3604 3762 3706 3834 qui

2052 3862 2248 3918 futura
2277 3872 2626 3930 cognoscere
2663 3855 2847 3927 cupit,
2871 3855 3145 3909 divinitus
3178 3852 3504 3908 exhibetur.
3531 3856 3607 3906 At
3636 3867 3703 3906 ex

2053 3954 2341 4007 astrorum
2373 3945 2754 4011 revolutione,
2804 3942 3263 4013 hujusmodique
3310 3938 3700 3996 constellatio-

2052 4053 2193 4093 num
2225 4035 2343 4092 situ
2375 4033 2538 4089 nulla
2568 4046 2807 4103 prorsus
2838 4030 3015 4086 futuri
3061 4029 3314 4103 cognitio
3358 4029 3552 4083 datur.
3584 4027 3701 4083 Nec

2051 4125 2207 4181 enim
2240 4139 2307 4180 ex
2342 4122 2415 4179 iis
2446 4122 2842 4177 humanarum
2898 4135 3090 4175 rerum
3138 4117 3567 4174 administratio
3598 4117 3701 4173 de-

2055 4214 2301 4286 pendet:
2357 4212 2458 4267 sed
2506 4210 2858 4282 pluviarum,
2904 4213 2961 4264 et
3011 4208 3351 4264 earumdem
3415 4207 3702 4275 defectus,

2050 4304 2189 4360 item
2222 4300 2413 4374 frigidi
2447 4306 2504 4355 et
2534 4298 2968 4365 ealidi,humidi
2995 4303 3050 4354 et
3085 4296 3243 4366 sicci,
3276 4297 3532 4368 denique
3560 4312 3707 4352 ven-

2050 4397 2245 4448 torum
2276 4395 2333 4445 et
2364 4388 2648 4446 similium
2682 4404 2874 4443 rerum
2906 4387 3076 4459 signa
3108 4390 3495 4458 promuntur:
3530 4383 3705 4441 actio-

2051 4496 2194 4535 num
2226 4494 2359 4535 vero
2385 4482 2718 4533 nostrarum
2751 4475 2915 4532 nulla
2958 4491 3227 4548 prorsus.
3262 4474 3407 4531 Cum
3456 4474 3613 4528 enim
3644 4472 3710 4528 li.

296 4563 515 4619 tuentis
545 4569 603 4619 et
624 4563 1009 4635 inspicientis,
1039 4564 1149 4620 fixo
1188 4569 1381 4620 autem
1431 4563 1579 4635 pede
1624 4561 1806 4618 errori
1835 4577 1932 4617 as-
1969 4566 2015 4633 D
2048 4569 2253 4625 herum
2288 4567 2458 4623 nobis
2489 4565 2694 4621 mundi
2726 4565 2932 4637 Opifex
2962 4563 3271 4620 arbitrium
3325 4560 3701 4624 concesserit,

294 4658 519 4710 trorum
545 4654 846 4723 inhaereat,
907 4654 1008 4727 qui
1063 4655 1182 4725 (iet,
1215 4661 1279 4711 ut
1331 4654 1379 4710 si
1418 4652 1564 4711 nihil
1589 4653 1747 4710 aliud
1781 4657 1936 4726 agat,

295 4742 556 4800 oratione
586 4753 778 4801 tamen
809 4743 927 4801 vim
985 4745 1189 4817 pietati
1239 4745 1444 4801 afferre
1497 4760 1610 4800 non
1653 4742 1936 4810 videatur,

293 4848 429 4890 cum
461 4838 715 4890 mentem
766 4834 1031 4891 barbaris
1089 4835 1353 4892 moribus
1410 4833 1675 4892 inﬁciet?
1724 4833 1941 4891 Gentes

291 4924 452 4979 enim
478 4940 609 4996 quae
637 4924 820 4981 Deum
852 4941 968 4981 non
1001 4930 1236 4997 norunt,
1296 4934 1584 4982 astrorum
1641 4924 1848 4997 figuris
1880 4928 1940 4981 et

291 5012 858 5081 constellationibus,
900 5014 1056 5070 velut
1105 5015 1333 5072 hiantes
1393 5014 1745 5072 Mamacuthi
1798 5013 1940 5086 (55),

287 5100 627 5158 innituntur
683 5118 697 5159 :
757 5108 816 5159 et
872 5119 1074 5160 eorum
1135 5104 1436 5160 etiectibus
1492 5103 1935 5175 obstupescunt.

288 5189 446 5246 Deus
504 5208 677 5264 porro
731 5192 852 5250 haec
900 5193 1035 5263 jure
1093 5191 1165 5248 de
1212 5191 1328 5248 illis
1384 5192 1642 5249 dixerit:
1693 5192 1937 5264 Populus

284 5278 379 5335 hic
405 5278 569 5337 labiis
642 5297 728 5339 me
799 5283 1051 5351 honorat,
1107 5297 1200 5339 cor
1255 5285 1440 5338 autem
1509 5297 1703 5339 eorum
1776 5281 1941 5352 longe

2051 4658 2313 4715 actiones
2344 4661 2558 4712 nostra;
2591 4654 2649 4710 in
2682 4658 2967 4727 potestate
2999 4658 3199 4710 nostra
3232 4660 3390 4710 sunt.
3425 4653 3484 4708 Si
3545 4651 3704 4707 enim

2050 4745 2376 4803 secundum
2409 4752 2703 4801 astrorum
2738 4759 2972 4799 cursum
3007 4744 3205 4799 omnia
3240 4741 3511 4807 facimus,
3543 4757 3702 4811 quas-

2050 4849 2283 4907 cunque
2303 4833 2541 4890 tandem
2574 4849 2609 4888 a
2640 4832 2809 4887 nobis
2842 4832 3005 4900 ﬁant,
3037 4849 3105 4888 ea
3137 4831 3467 4887 necessario
3518 4830 3694 4885 fiunt.

2048 4926 2211 4991 Quod
2241 4929 2437 4981 autem
2472 4923 2802 4980 necessario
2835 4922 2922 4992 fit,
2957 4938 3146 4995 neque
3176 4923 3362 4977 virtus
3410 4922 3493 4990 id,
3522 4932 3710 4989 neque

2049 5014 2256 5070 vitium
2287 5015 2396 5068 est.
2427 5010 2555 5066 Jam
2609 5011 2658 5066 si
2709 5028 2896 5083 neque
2939 5010 3212 5066 virtutem
3269 5025 3456 5079 neque
3498 5008 3705 5062 vitium

2048 5117 2459 5175 assequamur,
2494 5099 2717 5173 indigni
2752 5116 2981 5168 sumus,
3018 5102 3117 5172 qui
3164 5098 3443 5153 laudibus
3485 5100 3586 5151 aut
3617 5110 3709 5151 co-

2048 5192 2208 5250 ronis
2237 5191 2604 5253 decoremur,
2641 5187 2983 5260 probrisque
3015 5192 3117 5244 aut
3148 5185 3456 5257 suppliciis
3487 5184 3703 5240 allicia-

2049 5296 2202 5337 mur.
2230 5278 2353 5334 lmo
2383 5276 2538 5332 Deus
2591 5274 2717 5347 ipse
2765 5276 3026 5347 injustas
3073 5274 3565 5347 deprehendetur,
3601 5273 3703 5344 qui

362 5423 405 5499 '_‘
440 5425 550 5499 lea.
577 5441 703 5494 xm,
739 5428 826 5496 14,
906 5428 950 5464 ι’
979 5425 1166 5485 Galat.
1199 5444 1285 5499 ιιι,
1316 5427 1473 5483 8-12.
1553 5427 1598 5464 ⁸³
1624 5426 1775 5484 Psal.
1810 5443 1944 5497 an,

2109 5426 2155 5461 ιι
2187 5425 2297 5482 Isa.
2334 5440 2488 5492 uix,
2524 5421 2627 5490 i3;
2661 5420 2867 5481 Matth.
2899 5438 2992 5493 xv,
3026 5424 3080 5479 8.
3164 5421 3213 5457 ¹⁵
3252 5422 3458 5481 Ezech.
3497 5438 3624 5493 xm,
3646 5421 3703 5491 3,

287 5496 346 5565 7,
373 5497 426 5552 9.
505 5497 551 5534 “
585 5499 732 5555 Ibid.
768 5499 958 5556 17.19.

365 5611 479 5691 (55)
514 5613 892 5673 Proverbium
923 5613 1436 5688 Aristophanicum
1467 5633 1502 5674 a
1533 5616 1688 5674 fatuo
1719 5615 2089 5676 Mamacutho
2119 5614 2383 5671 ductum.
