4090 6192
397 335 554 395 1347

1720 327 2041 390 ΝΙΟΕΤᾹΞ
2085 327 2500 390 ΟΗΟΝῙΑΤᾸῦ

3659 329 3813 390 1348

394 471 490 528 his
521 470 760 542 quidem
794 469 966 536 bona,
1000 467 1117 525 illis
1146 482 1281 524 vero
1339 464 1684 522 afﬂictiones
1732 461 2031 531 immittat,
2064 466 2115 530 Α
2144 467 2254 530 est,
2287 464 2388 536 qui
2419 465 2489 521 de
2519 464 2635 521 Deo
2666 464 2904 520 tandem
2940 463 3033 536 pie
3063 464 3280 520 sentire
3337 472 3662 536 cmperunt,
3693 482 3803 521 nec

394 577 590 632 neque
621 577 691 617 ea
717 577 844 631 qua
875 559 1092 615 creavit
1122 556 1488 630 providentia
1517 572 1620 611 sua
1639 569 1832 625 regere
1863 557 2045 622 curet,
2152 553 2254 610 illa
2285 557 2356 611 ab
2388 572 2454 613 eo
2488 559 2685 628 petere
2743 556 3140 610 detrectarunt
3207 571 3337 626 quis
3385 556 3437 612 ei
3489 556 3817 627 peculiaria

395 650 446 706 si
481 651 808 706 necessario
840 652 1053 704 cuncta
1083 663 1300 718 susque
1355 647 1544 716 deque
1600 645 1879 699 ferantur.
1926 643 2048 698 lmo

397 740 575 796 etiam
608 737 906 810 superﬂua
937 737 995 792 in
1029 737 1197 793 nobis
1225 752 1292 792 ea
1319 750 1451 806 pars
1479 733 1684 790 animae
1718 731 2047 800 fuerit,qua~.

395 831 638 886 rationis
669 834 756 886 est
787 829 1098 901 particeps.
1132 828 1276 883 Nam
1306 826 1353 882 si
1375 825 1596 881 nullius
1617 821 1864 879 actionis
1890 836 2049 878 com-

399 924 564 992 potes
595 935 827 984 sumus,
861 918 1076 974 frustra
1105 911 1860 972 deliberamus.RationaIis
1892 909 2048 966 enim

397 1027 535 1082 pars
569 1009 778 1065 animis
810 1007 1151 1064 hominibus
1183 1004 1538 1062 deliberandi
1563 1002 1749 1074 gratia
1773 999 2052 1056 divinitus

400 1101 536 1156 data
565 1105 673 1156 est.
708 1103 789 1154 Ex
819 1098 1238 1154 deliberatione
1287 1101 1483 1152 autem
1529 1093 1675 1150 ratio
1719 1099 1773 1148 et
1800 1089 2051 1146 liberum

401 1190 708 1247 arbitrium
741 1188 1097 1244 elucescunt.

472 1281 674 1350 Itaque
705 1277 903 1333 stellas
935 1275 1158 1332 nullius
1211 1291 1412 1331 eorum
1464 1290 1590 1343 quis
1646 1274 1787 1328 sunt
1843 1283 2054 1326 causas

407 1372 630 1436 esse,ut
661 1384 763 1423 nec
786 1383 852 1422 ex
879 1368 1049 1422 rebus
1072 1365 1282 1421 creatis
1307 1363 1509 1431 ullam,
1542 1367 1714 1434 atque
1764 1361 1906 1416 adeo
1953 1374 2055 1412 ne-

408 1476 521 1534 que
553 1459 623 1515 iis
654 1476 781 1532 quae
815 1461 953 1514 sunt
975 1462 1188 1524 ortum,
1223 1470 1412 1527 neque
1441 1454 1514 1509 iis
1537 1470 1665 1524 quis
1697 1447 2056 1534 corruptioni

409 1550 659 1606 obnoxia
689 1552 828 1605 sunt
860 1547 1158 1604 interitum
1201 1546 1422 1608 afferre,
1459 1544 1574 1598 imo
1612 1539 1968 1614 pluviarum,
2001 1524 2059 1591 et

405 1639 744 1697 earumdem
779 1637 1062 1704 defectus,
1097 1639 1272 1706 atque
1299 1637 1637 1688 creterarum
1671 1629 1822 1684 aeris
1853 1630 2057 1682 muta-

407 1730 636 1786 tionum
669 1728 838 1800 signa
869 1742 997 1783 esse
1053 1723 1326 1779 dicimus.
1395 1722 1509 1776 Nec
1569 1717 1720 1774 male
1754 1717 1896 1772 forte
1927 1713 2058 1786 quis

407 1822 692 1885 autumet,
724 1833 822 1872 eas
873 1814 1158 1871 bellorum
1219 1812 1456 1883 quidem
1517 1806 1832 1880 aliquando
1891 1803 2058 1875 signa

406 1924 556 1973 esse,
590 1923 802 1963 causas
859 1921 990 1961 vero
1041 1919 1155 1958 non
1214 1901 1378 1957 item.
1441 1897 1739 1968 Siquidem
1799 1911 1866 1950 ex
1908 1893 2058 1949 aeris

408 1997 693 2068 qualitate
725 1993 839 2066 (cui
871 1993 983 2050 alio
1016 1997 1191 2063 atque
1224 1989 1336 2046 alio
1370 1988 1541 2044 modo
1589 2004 1620 2042 a
1669 1984 1788 2042 sole
1834 1987 1890 2038 et
1919 1981 2061 2037 luna

406 2088 576 2144 varia:
609 2084 1030 2152 concretiones,
1063 2097 1162 2136 seu
1205 2077 1646 2150 impressiones,
1681 2073 1971 2142 accidunt)
2003 2073 2061 2126 et

408 2177 650 2233 habitus
682 2176 738 2229 in
775 2173 942 2228 nobis
973 2176 1030 2226 et
1059 2169 1388 2226 etfectiones
1433 2166 1781 2222 conﬂantur.
1819 2161 2058 2217 IIabitus

405 2275 596 2323 autem
633 2266 786 2318 inter
816 2261 919 2316 illa
975 2263 1306 2327 censentur,
1367 2272 1493 2327 quas
1562 2255 1620 2308 in
1668 2255 1868 2308 nostra
1899 2253 2057 2322 pote-

407 2360 555 2413 state
586 2357 725 2410 sunt
758 2351 969 2423 posita.
1006 2348 1348 2404 Retinentur
1389 2344 1543 2401 enim
1595 2341 1844 2412 ratione,
1875 2343 1932 2396 et
1973 2354 2059 2394 re-

406 2447 708 2509 vocantur,
744 2440 793 2496 si
824 2440 1138 2494 divertent.

475 2535 720 2591 Lunaris
749 2531 928 2588 etiam
963 2528 1123 2584 orbis
1156 2525 1430 2600 perfectio
1467 2527 1523 2580 et
1568 2520 1906 2578 imminutio
1939 2536 2054 2576 non

408 2639 726 2698 paucarum
753 2619 1146 2676 mutationum
1167 2618 1472 2681 causaest,
1498 2616 1563 2668 ut
1587 2628 1653 2667 ex
1681 2610 1940 2684 piscibus
1971 2613 2054 2664 te-

407 2713 585 2772 stacei
617 2710 869 2786 generis,
903 2713 959 2764 et
989 2707 1286 2780 plerisque
1319 2702 1627 2759 arboribus
1658 2703 1906 2768 constat,
1926 2714 2054 2769 quae

403 2807 676 2861 crescunt
703 2806 760 2857 et
791 2800 1159 2861 decrescunt,
1195 2799 1366 2866 atque
1425 2790 1855 2864 quodammodo
1902 2786 2055 2844 lunas

409 2891 834 2949 mutationibus
866 2885 1322 2958 compatiuntur.

473 2981 774 3037 Interdum
810 2995 941 3034 vero
975 2973 1252 3031 divinitus
1280 2978 1512 3027 cometae
1571 2967 1920 3033 conﬂantur,
1954 2963 2054 3036 qui

405 3070 613 3126 mortis
646 3083 847 3139 regum
884 3066 1052 3137 signa
1113 3079 1227 3135 pra:
1285 3077 1346 3117 se
1390 3059 1620 3124 ferunt;
1656 3072 1778 3127 qua:
1813 3053 2052 3127 quidem

406 3159 478 3214 iis
510 3158 567 3213 in
596 3156 888 3212 sideribus
921 3170 1033 3209 non
1068 3153 1516 3223 apparent,quae
1548 3147 1620 3200 ab
1651 3143 1818 3199 initio
1862 3146 2054 3198 creata

401 3252 563 3312 sunt,
598 3247 696 3302 sed
724 3243 919 3299 divino
953 3240 1197 3298 numine
1229 3254 1386 3294 nunc
1412 3234 1920 3308 procedunt,nunc
1951 3231 2052 3286 de-

405 3352 521 3391 nuo
548 3327 1472 3399 dissolvnntur.Quandoquidem
1509 3324 1610 3380 illa
1641 3338 1870 3394 quoque
1905 3318 2052 3376 stel-

405 3423 483 3489 la,
517 3439 644 3490 quae
672 3421 782 3476 sub
814 3419 1084 3474 humanae
1117 3415 1511 3484 salutarisque
1541 3411 1776 3468 Domini
1821 3411 2056 3480 propter

403 3530 512 3568 nos
538 3514 596 3566 in
629 3526 802 3566 carne
836 3505 1164 3566 Nativitatis
1218 3513 1447 3574 tempus
1496 3520 1530 3557 a
1575 3501 1758 3570 Magis
1789 3499 1913 3555 visa
1942 3501 2051 3564 est,

401 3620 516 3657 non
550 3618 616 3656 ex
649 3598 950 3655 stellarum
985 3610 1230 3651 numero
1273 3597 1417 3661 erat,
1477 3607 1621 3660 quas
1676 3587 1844 3643 initio
1901 3592 2053 3642 Deus

407 3690 660 3747 creavit:
694 3687 848 3758 quod
884 3685 1259 3756 perspicuum
1293 3688 1410 3736 erat
1441 3677 1527 3734 vel
1550 3694 1618 3732 ex
1656 3693 1722 3732 eo
1753 3676 1902 3747 quod
1932 3675 2054 3745 jam

401 3781 472 3834 ab
528 3781 657 3834 ortu
720 3777 790 3831 ad
854 3788 1150 3842 occasum,
1204 3771 1328 3842 jam
1392 3772 1596 3824 contra
1644 3766 1714 3820 ah
1782 3763 2056 3834 aquilone

407 3871 476 3924 ad
501 3871 766 3923 austrum
799 3879 973 3919 cursu
1014 3860 1409 3923 contenderet,
1445 3854 1589 3912 alias
1637 3856 1812 3910 etiam
1853 3852 2055 3908 delite-

406 3957 764 4027 sceret,alias
787 3957 1128 4025 emergeret.
1163 3950 1277 4006 Nec
1317 3947 1474 4004 enim
1509 3947 1564 4002 id
1589 3949 1884 4002 astrorum
1914 3943 2055 3999 ordo

405 4051 535 4115 fert,
567 4052 668 4101 aut:
701 4049 927 4100 natura.

476 4137 726 4208 Objiciat
757 4149 886 4188 vero
915 4147 1118 4187 eorum
1153 4130 1297 4185 forte
1329 4125 1624 4198 quispiam
1653 4123 1752 4195 qui
1800 4121 2052 4178 astrolo-

409 4228 565 4300 giam
603 4223 896 4280 mordicus
929 4224 1188 4287 tuentur,
1223 4218 1281 4272 in
1341 4231 1542 4271 eorum
1603 4229 1729 4284 quae
1781 4213 2056 4267 adversus

404 4327 583 4372 artem
619 4330 784 4370 suam
828 4317 1246 4382 congeruntur,
1302 4303 1859 4366 recriminationem,
1909 4317 2056 4372 prae-

396 4405 750 4461 dictionibus
770 4401 1059 4474 plerisque
1087 4399 1261 4452 tinem
1296 4409 1469 4450 suum
1496 4390 1784 4463 obtigisse
1805 4390 2055 4458 tandem,

395 4496 730 4564 idcircoque
761 4489 1060 4546 nonnullis
1085 4484 1430 4542 hominibus
1480 4482 1701 4537 frustra
1749 4483 1805 4535 et
1842 4487 2059 4534 temere

2155 647 2392 701 sunt":
2427 645 2921 717 quemadmodum
2953 645 3129 701 etiam
3168 661 3239 701 ex
3271 645 3456 702 libera
3483 646 3669 703 Mosis
3693 664 3822 703 ora-

2154 735 2312 790 tione
2344 740 2596 803 constat,
2630 753 2742 808 qua
2773 753 2886 791 non
2923 751 3053 792 raro
3105 735 3453 800 intercessit,
3490 737 3818 808 quominus

2159 821 2432 878 Israelem
2468 828 2621 879 Deus
2659 821 3046 880 internecioni
3079 823 3244 878 daret
3275 823 3468 881 “.Hoc
3498 839 3567 878 ex
3587 827 3819 880 Aarone

2157 929 2389 984 quoque
2442 912 2710 985 colligere
2767 917 2873 983 est,
2931 913 3028 985 qui
3093 929 3228 968 cum
3283 913 3463 968 Mosis
3495 913 3814 969 consilium

2157 1007 2418 1071 secutus,
2451 1018 2651 1058 acerra
2677 1002 2984 1059 incensum
3038 1002 3286 1057 Domino
3336 1001 3671 1068 obtulisset,
3706 1002 3816 1056 hoc

2159 1094 2326 1163 pacto
2369 1091 2700 1164 exasperati
2746 1091 3204 1162 rebellantisque
3256 1091 3457 1163 populi
3503 1091 3809 1147 interitum

2160 1181 2438 1253 repressit
2469 1182 2531 1236 ¹⁹.

2229 1306 2394 1362 Multi
2425 1307 2600 1363 etiam
2632 1323 2830 1362 eorum
2864 1306 2963 1380 qui
2989 1306 3058 1362 ad
3096 1305 3311 1361 bellum
3353 1306 3813 1378 proficisceban-

2161 1401 2417 1464 tur,cum
2433 1396 2550 1452 sibi
2579 1414 2611 1452 a
2633 1396 2748 1453 Deo
2773 1395 3018 1452 victoria
3040 1397 3332 1468 promissa
3362 1406 3539 1464 esset,
3562 1412 3815 1469 eamque

2159 1502 2222 1542 se
2273 1502 2418 1558 pene
2458 1485 2582 1556 jam
2635 1485 2880 1557 adeptos
2932 1486 3224 1552 viderent,
3276 1487 3519 1556 insuper
3565 1489 3623 1540 et
3670 1486 3816 1540 forte

2163 1578 2463 1647 sperantes
2497 1579 2559 1629 ut
2589 1578 2740 1630 terra
2771 1574 3124 1646 potirentur,
3160 1591 3285 1646 quas
3327 1574 3497 1630 melle
3543 1575 3819 1645 lacteque

2162 1664 2454 1719 difﬂueret
2483 1666 2572 1732 (ut
2619 1663 2720 1734 qui
2769 1679 2831 1719 se
2880 1661 3042 1719 illam
3095 1663 3408 1735 aliquando
3439 1678 3821 1733 possessuros

2162 1751 2335 1806 aDeo
2380 1750 2789 1821 audivissent),
2836 1755 3071 1823 propter
3118 1756 3355 1822 peccata
3397 1767 3521 1822 quae
3568 1752 3826 1805 interve-

2091 1842 2135 1907 Β
2171 1844 2397 1902 nerant.
2433 1841 2699 1896 funditus
2730 1840 3198 1906 succubuerunt,
3235 1839 3580 1896 Palaestinos
3619 1843 3835 1911 praeter

2168 1932 2254 1987 fas
2277 1931 2577 2003 aggressi;
2612 1936 2944 2002 terramque
2975 1930 3264 1986 desertam
3309 1929 3655 2001 corporibus
3701 1930 3827 1986 suis

2166 2019 2530 2076 intraverunt
2587 2019 2860 2092 '°,alque
2907 2019 2967 2075 in
3027 2024 3220 2075 Mosen
3278 2023 3335 2074 et
3397 2021 3577 2074 Deum
3627 2020 3824 2090 ipsum

2166 2109 2348 2166 multa
2377 2109 2699 2181 saepissime
2730 2107 3091 2180 debacchati,
3123 2109 3245 2165 haec
3277 2125 3310 2164 a
3353 2113 3470 2164 Deo
3521 2117 3574 2164 et
3612 2109 3825 2164 Davide

2165 2199 2552 2255 audiverunt:
2579 2199 2734 2255 Nihil
2761 2199 3006 2271 proﬁciet
3054 2197 3319 2253 inimicus
3368 2199 3424 2253 in
3456 2214 3538 2267 eo,
3577 2203 3628 2252 et
3654 2198 3818 2267 ﬁlius

2164 2287 2482 2356 iniquitatis
2512 2304 2622 2343 non
2653 2292 2888 2359 apponet
2925 2303 3119 2343 nocere
3163 2288 3217 2341 ei
3237 2287 3306 2346 ²¹.
3337 2287 3486 2341 Item
3513 2305 3525 2341 :
3558 2286 3816 2342 Inimico:

2162 2378 2276 2445 eius
2332 2375 2562 2432 induam
2619 2378 2934 2446 con/usionis
2986 2377 3054 2430 θ’.
3118 2377 3306 2432 Item:
3362 2375 3502 2435 Odia
3559 2376 3816 2430 habentes

2163 2483 2285 2523 eum
2325 2466 2384 2522 in
2413 2469 2606 2539 fugam
2633 2473 2949 2523 convertam
2979 2465 3045 2520 ’3.

2233 2587 2517 2638 Praeterea
2533 2581 2964 2641 etiameleris
2986 2583 3114 2652 ejus
3141 2597 3297 2654 ergo,
3331 2581 3490 2653 quod
3515 2581 3576 2637 in
3619 2581 3820 2636 Uriam

2163 2671 2491 2732 admissum
2522 2679 2628 2741 est,
2691 2665 2894 2743 parum
2953 2671 3159 2740 abfuit,
3191 2672 3332 2742 quin
3385 2669 3820 2740 Hierosolyma,

2161 2760 2433 2817 thalamis
2465 2761 2610 2828 suis,
2644 2770 2816 2832 atque
2848 2760 3019 2816 etiam
3054 2760 3265 2816 calceis
3317 2761 3585 2831 privatus
3620 2775 3819 2831 perse-

2161 2851 2452 2907 cutionem
2487 2854 2802 2921 pateretur,
2835 2854 2890 2905 et
2920 2851 2978 2905 in
3010 2850 3240 2905 deserto
3274 2854 3652 2919 pernoctaret
3682 2847 3753 2903 ³⁸.

2233 2939 2376 3006 Quid
2401 2938 2595 2995 verbis
2627 2955 2774 3011 opus
2806 2943 2915 3007 est,
2937 2939 3008 2995 ad
3041 2954 3108 2994 ea
3131 2939 3434 3010 sigillatim
3467 2955 3824 2994 enumeran-

2161 3031 2256 3097 da,
2292 3045 2416 3100 quas
2449 3029 2519 3085 ab
2543 3028 2898 3096 omnimoda,
2953 3032 3010 3084 et
3059 3027 3399 3084 hominibus
3444 3029 3818 3100 impervesti—

2161 3118 2338 3191 gabili
2369 3118 2466 3173 Dei
2499 3118 2783 3190 sapientia
2822 3123 2879 3172 et
2933 3117 3168 3185 virtute,
3201 3118 3448 3189 denique
3491 3119 3692 3190 sagaci
3724 3117 3818 3173 illa

2084 3207 2133 3271 υ
2166 3207 2531 3280 providentia
2577 3207 2730 3262 varie
2781 3207 3198 3274 decernuntur,
3233 3212 3290 3262 et
3347 3207 3462 3262 alio
3494 3212 3673 3279 atque
3703 3207 3813 3261 alio

2161 3297 2328 3352 modo
2350 3297 2382 3351 ti
2395 3299 2703 3366 unt,prout
2724 3294 2808 3350 illi
2832 3295 3334 3368 placet,singulisq
3347 3312 3416 3350 ue
3442 3297 3595 3351 cond
3609 3294 3815 3350 ucibilc

2160 3385 2298 3443 est?
2332 3386 2579 3441 Proinde
2611 3401 2744 3441 cum
2779 3385 3110 3441 divinorum
3151 3385 3516 3456 judiciorum
3563 3386 3812 3442 altitudo

2161 3475 2310 3532 nulli
2333 3476 2635 3532 hominum
2660 3476 2994 3547 cogitationi
3017 3476 3213 3548 pervia
3234 3478 3310 3531 sit
3330 3476 3396 3542 ³⁵,
3421 3493 3606 3547 quam
3641 3476 3813 3531 nimi-

2161 3583 2288 3622 rum
2320 3570 2422 3621 aut
2449 3564 2780 3621 intellectus
2803 3565 3100 3621 humanus
3158 3566 3392 3636 assequi
3439 3573 3541 3621 aut
3573 3570 3814 3620 natura-

2160 3656 2305 3711 lium
2339 3671 2530 3710 rerum
2561 3655 2742 3710 series
2773 3671 3110 3727 expromere
3154 3656 3316 3710 nullo
3381 3655 3557 3711 modo
3605 3655 3807 3725 possit,

2163 3745 2262 3818 qui
2293 3762 2507 3816 quaeso,
2543 3745 2666 3801 fieri
2699 3750 2908 3815 potest,
2943 3749 3008 3800 ut
3039 3763 3106 3801 ex
3129 3745 3436 3802 elementis
3462 3754 3672 3800 natura
3700 3744 3811 3798 cb-

2162 3835 2372 3902 noxiis,
2405 3849 2646 3907 quaeque
2675 3833 2822 3890 nihil
2855 3834 3111 3906 amplius
3143 3839 3418 3891 assecuta
3445 3841 3593 3900 sunt,
3624 3849 3803 3903 quam

2162 3928 2318 3998 quod
2377 3927 2448 3981 iis
2508 3943 2636 3998 qua:
2695 3931 2833 3982 sunt
2886 3932 3294 3995 accensentur,
3354 3927 3585 3999 quidam
3624 3924 3811 3979 futuri

2165 4015 2467 4073 scientiam
2504 4015 2890 4087 polliceantur
2917 4017 2944 4072 ‘I

2235 4122 2439 4178 Mirum
2471 4139 2607 4179 voro
2639 4124 2697 4179 ni
2731 4139 3075 4196 progressus
3101 4123 3526 4189 ulterius,heus
3548 4124 3825 4195 tu,quis-

2165 4213 2298 4284 quis
2319 4211 2506 4283 es,qui
2532 4213 2706 4268 astris
2725 4214 3149 4284 promotionem
3176 4214 3510 4270 futurorum
3547 4214 3820 4280 ascribis,

2165 4305 2429 4372 tempora
2451 4317 2683 4372 quoque
2705 4301 2966 4372 adiicias,
2991 4307 3045 4357 et
3067 4317 3135 4357 ea
3156 4309 3211 4359 te
3245 4320 3346 4375 pro
3373 4303 3552 4358 animi
3571 4303 3823 4358 arbitrio

2167 4405 2324 4446 nunc
2349 4389 2713 4459 subtrahere,
2771 4407 2926 4445 nunc
2969 4391 3275 4447 difﬁndere
3324 4391 3641 4463 praedices:
3703 4407 3824 4462 quo

2166 4478 2734 4550 tamenintersignio
2791 4479 3037 4536 facultas
3085 4479 3185 4536 illa
3243 4480 3642 4553 dignoscitur,
3693 4497 3823 4551 qua

403 4578 909 4638 condemnandam
933 4581 990 4631 et
1019 4574 1436 4646 explodendam
1470 4568 1757 4624 videri.At
1790 4565 2050 4623 vicissim
2084 4579 2131 4640 ι)
2162 4568 2292 4622 vitae
2325 4570 3248 4641 praeest,cunctaquesuppeditat
3274 4585 3288 4624 ε
3315 4568 3821 4641 quemadmodum

403 4672 623 4736 audiet,
655 4671 836 4723 artem
869 4665 1029 4720 illam
1063 4662 1456 4718 mutationum
1514 4659 1665 4714 aeris
1709 4656 2051 4729 magistram

404 4775 552 4826 esse,
586 4773 712 4828 qua:
740 4754 880 4810 solis
912 4757 968 4808 et
999 4753 1148 4807 lunae
1208 4750 1499 4805 defectum
1548 4745 1880 4818 portendat,
1916 4743 2054 4800 alia-

404 4866 516 4921 que
538 4843 878 4918 hujusmodi
907 4841 1176 4896 humanae
1198 4838 1328 4893 vitae
1353 4835 1518 4892 utilia
1555 4834 1864 4906 praedicere
1885 4833 2052 4900 sciat,

403 4945 462 4995 at
483 4953 685 4994 eorum
717 4949 841 5003 qua:
873 4930 1069 4986 divino
1123 4945 1154 4984 e
1210 4931 1354 4984 nutu
1415 4923 1746 4996 dependent
1777 4926 2051 4978 eventum

407 5030 774 5104 portendere,
805 5040 919 5080 non
951 5022 1092 5078 item
1139 5017 1441 5075 didicerit:
1493 5018 1559 5070 ut
1582 5019 1831 5104 taceam
1863 5013 2051 5068 malo-

402 5102 556 5184 rum,
589 5135 713 5191 quae
766 5111 1105 5170 hominibus
1152 5107 1578 5180 impenderent,
1635 5102 1763 5172 jam
1809 5103 2054 5173 jamque

407 5205 973 5281 urgereocciperent,
1008 5203 1284 5274 pleraque
1334 5213 1367 5252 a
1414 5191 2054 5281 Deopreeibus,jeju-

407 5280 546 5365 niis,
581 5307 634 5353 et
664 5293 1043 5358 orationibus,
1104 5289 1273 5355 flexo,
1322 5285 1382 5340 in
1433 5280 1644 5338 melius
1693 5283 2056 5336 commutata

403 5391 662 5441 essezut
687 5401 756 5440 ex
810 5380 1196 5438 Ninivitarum
1257 5371 1636 5431 conversione
1675 5368 2051 5440 perspicuum

476 5579 518 5617 *7
548 5579 730 5645 Jonas,
763 5595 846 5648 in,
883 5580 908 5631 1
943 5595 1103 5648 seqq-

2163 4658 2340 4712 etiam
2373 4672 2439 4711 ex
2472 4672 2538 4713 eo
2590 4659 2743 4730 quod
2801 4657 2997 4714 futura
3056 4675 3170 4714 non
3223 4659 3420 4714 minus
3452 4675 3635 4731 quam
3675 4675 3821 4729 pre-

2163 4745 2352 4801 sentia
2385 4752 2688 4819 perspecta
2730 4751 2786 4802 et
2842 4747 3072 4821 cognita
3129 4748 3323 4804 habet.
3364 4751 3552 4820 Atque
3613 4753 3680 4803 ut
3709 4747 3819 4803 hoc

2163 4834 2412 4908 exempli
2445 4835 2635 4907 gratia
2682 4838 2991 4908 proferam,
3045 4837 3142 4892 ille
3200 4838 3439 4909 quidem
3488 4837 3820 4892 bellaturus

2164 4923 2251 4979 vel
2283 4923 2460 4980 etiam
2482 4930 2707 4982 vastum
2757 4942 2918 4982 mare
2967 4928 3318 4998 trajecturus
3369 4926 3815 4997 proficiscitur:

2164 5013 2260 5069 hic
2289 5029 2422 5070 vero
2453 5015 2906 5072 astronomicam
2939 5021 3123 5073 artem
3166 5017 3487 5088 professus,
3521 5015 3572 5072 si
3607 5032 3821 5072 consu-

2166 5102 2338 5170 latur,
2377 5103 2678 5160 victoriam
2739 5120 2969 5177 semper
3015 5111 3071 5161 et
3122 5110 3309 5161 tutam
3359 5106 3814 5174 navigationem,

2165 5192 2553 5250 astronomica
2611 5192 2840 5265 sphaera
2863 5195 3022 5266 prius
3043 5210 3172 5250 eum
3195 5195 3254 5250 in
3280 5211 3451 5250 usum
3481 5193 3822 5258 fabrefacta,

2164 5281 2474 5352 promittit.
2523 5283 2808 5339 Caeterum
2859 5283 2944 5339 illi
3027 5285 3204 5341 rebus
3252 5300 3321 5340 ex
3380 5285 3601 5355 majore
3665 5291 3825 5356 parte

2163 5375 2365 5427 contra
2387 5388 2565 5444 quam
2613 5374 2966 5446 promissum
3015 5375 3222 5443 fuerat,
3269 5374 3472 5448 gestis,
3516 5379 3824 5431 revertun-

1183 5573 1231 5608 ¹⁸
1260 5571 1438 5629 Exod.
1469 5585 1606 5636 xvn,
1640 5567 1725 5623 li.
1808 5568 1854 5602 ¹⁹
1885 5567 2058 5624 Num.
2091 5585 2205 5638 XVI,
2239 5571 2308 5626 47
2339 5587 2501 5700 seqq.
2581 5572 2628 5607 ’θ
2651 5572 2822 5630 Deut.
2844 5590 2981 5642 xxu,
3011 5575 3033 5629 1
3061 5589 3227 5645 seqq.
3305 5574 3349 5608 ²¹
3375 5572 3820 5644 Psal.Lxxxvm,

1186 5686 1197 5698 .
1275 5645 1319 5678 ³³
1353 5641 1503 5698 Psal.
1539 5654 1807 5700 Lxxxvm.
1845 5639 1931 5695 24.
2010 5640 2057 5676 ³⁸
2087 5643 2139 5699 ΙΙ
2177 5646 2318 5700 Reiz.
2354 5660 2417 5700 ιι.
2515 5659 2676 5700 seua.
2757 5645 2805 5680 ³⁵
2834 5651 3001 5700 Rom.
3040 5661 3121 5700 χι.
3153 5645 3244 5700 33.

413 5652 506 5706 23.
583 5649 628 5682 η
663 5639 844 5704 Ρέδὶᾘ
872 5639 1084 5713 εχιχὶί
1113 5648 1197 5700 10.
1275 5645 1319 5678 ³³
1353 5641 1503 5698 Psal.
1539 5654 1807 5707 Lxxxvm,
1845 5639 1931 5695 24.
2010 5640 2054 5676 ﬁ

2177 5646 2318 5714 Reg.
2354 5639 2479 5712 11ft
2515 5659 2572 5700 se

2577 5661 2676 5717 qq.
2757 5645 2805 5680 ³⁵
2834 5651 3001 5704 Rom.
3040 5661 3121 5717 xu,
3153 5645 3244 5702 33.
