4058 6212
269 351 422 410 1349

1612 339 2016 403 THESAURI
2063 341 2206 401 LIB.
2257 343 2355 404 IV.

3525 349 3684 413 1350

268 489 384 540 tur.
419 483 535 539 Hoc
567 483 760 537 autem
795 476 1223 535 astronomicus
1271 474 1486 532 assolet
1517 490 1705 547 agere,
1739 473 1788 531 si
1821 474 1917 545 qui
1953 477 2005 543 Α
2038 482 2244 532 terram
2295 477 2627 550 signiﬁcant
2659 498 2674 548 ;
2733 480 2974 538 alternis
3031 482 3355 540 exorientes
3419 491 3478 543 et
3534 487 3682 543 occi-

269 574 431 628 illum
465 570 789 628 consulturi
824 571 1054 624 adeunt.

339 664 519 719 Nemo
550 662 702 717 enim
763 676 897 716 eum
959 659 1110 714 ultro
1170 660 1446 722 accersat,
1507 655 1604 728 qui
1651 655 1920 712 adfutura

273 753 464 810 tristia
485 753 560 808 sit
592 750 1114 823 prmnuntialurus,
1147 749 1423 819 quoniam
1449 763 1520 802 ne
1545 745 1756 801 Saulus
1790 745 1922 817 qui-

267 842 399 898 dem
438 839 838 913 i’ythonissam
900 837 1290 909 quaesivisset,
1333 836 1381 891 si
1445 834 1594 890 mala
1642 833 1744 890 illa
1774 851 1921 906 pra:-

268 930 674 986 nuntiaturam
707 927 1088 999 prmscivisset
1117 927 1316 995 “,qum
1351 925 1407 978 in
1444 929 1737 996 posterum
1771 924 1919 999 subf

270 1021 459 1075 iturus
488 1023 633 1082 erat,
662 997 929 1090 quamvis
964 1016 1088 1086 ipse
1121 1015 1204 1068 vel
1234 1013 1317 1069 sic
1350 1013 1405 1068 in
1451 1013 1579 1085 ipsa
1629 1014 1744 1068 fere
1779 997 1918 1069 mali

268 1107 390 1163 acie
432 1107 772 1179 procedens,
805 1110 1086 1176 tanquam
1120 1103 1373 1175 propriis
1429 1102 1654 1158 viribus
1713 1103 1918 1170 fretus,

268 1197 723 1268 haudquaquam
757 1194 1027 1265 praelium
1060 1192 1373 1258 distulerit,
1399 1208 1586 1264 neque
1617 1191 1825 1264 legatis
1847 1194 1917 1248 ad

270 1285 616 1341 Palmstinos
649 1283 846 1338 missis
880 1282 1092 1337 foedera
1123 1281 1374 1353 petierit.
1403 1282 1566 1345 Quod
1599 1281 1648 1337 si
1682 1281 1920 1354 quando

269 1393 404 1431 vera
436 1372 862 1446 prmnuntiasse
888 1371 1378 1443 deprehendatur,
1436 1371 1492 1424 id
1552 1386 1917 1441 nequaquam

267 1471 560 1522 astrorum
622 1461 1084 1518 rcvolutionibus
1141 1461 1452 1532 contingit,
1511 1465 1612 1516 aut
1669 1461 1808 1530 quia
1839 1461 1920 1516 sic

272 1553 610 1610 eorumdem
645 1567 706 1606 se
739 1551 883 1606 situs
941 1549 1137 1614 habet,
1197 1555 1254 1604 et
1305 1557 1496 1604 motus
1527 1566 1546 1609 ;
1577 1549 1674 1603 sed
1712 1549 1919 1604 indus-

269 1646 414 1712 triae,
448 1643 565 1696 imo
600 1641 812 1709 potius,
842 1643 907 1694 ut
930 1639 1009 1694 ita
1038 1639 1251 1704 dicam,
1285 1638 1632 1708 conjectum
1673 1637 1920 1693 astrolo-

271 1747 477 1804 gorum
513 1730 750 1784 inventa
782 1732 939 1794 sunt,
974 1729 1071 1798 qui
1125 1743 1358 1797 semper
1405 1727 1627 1799 optima
1673 1744 1917 1799 quaeque

270 1822 386 1877 sibi
420 1818 858 1892 pronuntianda
889 1816 1406 1887 interrogantibus,
1438 1822 1494 1873 et
1525 1817 1918 1888 promittenda

270 1917 625 1983 proponunt.

342 2005 488 2054 Nam
526 2001 808 2070 perpetua
840 2013 1034 2053 rerum
1066 2013 1331 2052 verarum
1357 1996 1653 2069 praedictio
1686 1998 1917 2070 propria

270 2090 371 2144 Dei
405 2091 511 2157 est,
546 2096 599 2143 ct
657 2086 1070 2159 prophetarum
1132 2086 1282 2157 ejus,
1315 2090 1452 2143 nota
1485 2102 1497 2141 :
1531 2086 1631 2158 qui
1692 2089 1918 2142 futuro-

272 2195 427 2243 rum,
466 2194 592 2248 quze
625 2175 921 2232 vaticinati
955 2180 1119 2246 sunt,
1153 2174 1381 2231 nullum
1444 2191 1558 2231 non
1607 2191 1739 2232 vere
1770 2193 1916 2247 prae-

270 2266 484 2322 dixisse
516 2265 1056 2338 deprehenduntur.

340 2355 501 2420 Quod
536 2353 752 2424 siquis
794 2354 887 2408 vix
945 2354 1181 2409 tandem
1240 2354 1359 2410 veri
1406 2355 1544 2426 quid
1601 2353 1914 2426 aliquando

269 2443 697 2514 conjectaverit.
734 2443 839 2496 hoc
872 2443 999 2513 ejus
1032 2443 1313 2497 indicium
1347 2448 1451 2508 est,
1505 2443 1603 2514 qui
1647 2444 1916 2514 quamvis

271 2538 452 2588 artem
479 2531 798 2602 sagittandi
830 2531 1026 2585 minus
1083 2530 1314 2597 ealleat,
1372 2531 1508 2602 quia
1556 2539 1748 2587 tamen
1801 2531 1916 2588 tela

271 2637 422 2691 saepe
447 2625 602 2676 recta
633 2621 690 2674 in
724 2636 970 2691 scopum
1001 2619 1217 2692 dirigit,
1277 2620 1590 2692 aliquando
1639 2621 1810 2677 etiam
1842 2623 1914 2678 ab

266 2726 332 2765 eo
366 2727 478 2764 non
512 2709 759 2765 aberret.

341 2803 416 2852 Ex
450 2798 740 2854 contrario
799 2797 974 2854 etiam
1035 2798 1132 2869 qui
1193 2799 1315 2855 visu
1373 2816 1513 2855 sano
1569 2804 1671 2869 est,
1705 2801 1751 2857 si
1799 2818 1914 2860 uno

271 2904 447 2943 cursu
481 2891 638 2943 recta
664 2887 818 2942 viam
850 2888 1188 2958 porrexerit,
1221 2891 1448 2945 tantum
1507 2889 1672 2946 abest
1728 2897 1794 2946 ut
1822 2908 1917 2947 su-
1955 2941 1959 2945 .

271 2977 579 3049 percilium
613 2976 777 3033 tollat
806 2978 1396 3051 magniﬁcentiusque
1464 2979 1534 3035 de
1590 2996 1648 3035 se
1680 2981 1914 3052 sentiat,

269 3084 400 3122 cum
438 3066 630 3139 potius
661 3065 829 3122 etiam
866 3066 998 3122 aliis
1031 3066 1463 3134 aberrantibus,
1512 3068 1634 3140 ipse
1693 3070 1916 3141 pudore

268 3155 659 3210 suffundatur.

2033 565 2258 622 dentes.

2102 652 2267 717 Quod
2299 660 2486 712 autem
2524 657 2574 715 is
2607 675 2719 714 non
2751 659 2879 716 sine
2901 677 3007 717 suo
3031 662 3183 718 malo
3209 663 3681 737 faciat,quisquie

2033 745 2678 818 pseudoprophetarum
2705 750 2948 806 vanitati
2977 752 3530 823 subscribit,beatus
3557 757 3677 812 Mo-

2032 847 2126 888 ses
2187 839 2391 891 auctor
2447 840 2557 903 est,
2620 839 2704 893 vel
2765 838 2958 910 potius
3010 840 3136 911 ipse
3194 842 3365 911 Deus,
3428 844 3526 913 qui
3577 859 3682 915 per

2032 921 2229 977 Mosen
2263 921 2496 979 locutus
2529 931 2617 980 est
2648 944 2666 980 :
2717 927 2940 994 Quando
3009 932 3279 1000 ingressus
3325 931 3507 1000 fueris
3567 940 3680 986 ter-

2030 1028 2172 1081 ram,
2206 1030 2367 1084 quam
2401 1016 2660 1072 Dominus
2718 1019 2858 1074 Deus
2916 1029 3042 1074 tuus
3101 1020 3252 1075 dabit
3301 1021 3420 1090 tibi,
3455 1039 3582 1078 care
3614 1039 3679 1079 ne

2031 1101 2255 1158 imitari
2311 1106 2448 1159 velis
2500 1107 2938 1162 abominationes
2986 1107 3220 1164 illarum
3271 1111 3542 1179 gentium.
3575 1113 3680 1168 Nec

2031 1192 2355 1248 inveniatur
2382 1197 2438 1248 in
2471 1199 2523 1250 te
2551 1199 2646 1266 qui
2673 1197 2863 1253 lustret
2891 1198 3079 1268 ﬁlium
3110 1217 3292 1264 suum,
3353 1211 3448 1258 aut
3497 1203 3676 1268 ﬁliam

2029 1280 2230 1336 ducens
2257 1299 2353 1354 per
2395 1285 2620 1355 ignem:
2683 1293 2786 1342 aut
2839 1290 2935 1358 qui
2987 1290 3190 1344 ariolos
3243 1291 3567 1357 sciscitatur,
3627 1299 3679 1347 ct

2029 1374 2270 1430 observet
2299 1379 2536 1444 somnia,
2570 1385 2732 1448 atque
2790 1381 3050 1447 auguria,
3109 1396 3209 1436 nec
3264 1383 3334 1436 sit
3374 1383 3681 1452 maleﬁcus,

2027 1478 2128 1515 nec
2158 1463 2489 1532 incantator,
2545 1483 2721 1538 neque
2769 1469 2872 1538 qui
2926 1468 3202 1540 Pythones
3256 1471 3536 1540 consulat,
3581 1487 3681 1526 nec

2028 1549 2262 1618 divinos,
2287 1559 2568 1625 etquazrat
2599 1573 2629 1610 a
2664 1558 2897 1611 mortuis
2929 1561 3231 1614 veritatem.
3289 1560 3483 1615 Omnia
3531 1564 3682 1616 enim

2029 1637 2147 1694 lwc
2167 1640 2528 1697 abominetur
2556 1644 2819 1700 Dominus
2851 1646 3006 1700 ".Ad
3043 1647 3159 1702 hinc
3192 1647 3302 1703 alio
3331 1648 3389 1704 in
3426 1650 3548 1704 loco
3581 1650 3664 1705 sic

2029 1728 2107 1782 ait
2141 1745 2153 1782 :
2192 1727 2488 1801 Perfectus
2516 1732 2624 1788 eris
2671 1742 2722 1790 et
2778 1734 2980 1807 absque
3034 1736 3261 1792 macula
3290 1754 3412 1792 cum
3447 1739 3679 1794 Domino

2029 1817 2131 1872 Deo
2163 1819 2474 1875 tuo.Gentes
2493 1822 2640 1877 enim
2671 1824 2810 1888 istae,
2834 1841 3071 1895 quarum
3108 1826 3409 1897 possidebis
3440 1832 3672 1896 terram,

2027 1923 2268 1976 augures
2297 1913 2345 1964 et
2377 1909 2592 1965 divinos
2657 1913 2926 1968 audiunt.
2985 1916 3057 1969 Tu
3115 1924 3302 1971 autem
3361 1933 3393 1971 a
3452 1919 3680 1974 Domino

2028 1998 2130 2052 Deo
2160 2005 2252 2052 tuo
2281 1998 2448 2054 aliter
2478 2000 2764 2056 institutus
2779 2018 2835 2056 es
2858 2001 3181 2058 3°.Proinde
3204 2005 3679 2078 nullumturpius

2028 2086 2219 2140 scelus
2242 2087 2415 2156 objici
2441 2088 2712 2159 cuiquam
2749 2095 2959 2161 potest,
2993 2109 3168 2162 quam
3205 2093 3253 2147 si
3321 2095 3391 2147 ad
3425 2096 3680 2164 pseudo-

2029 2174 2365 2245 prophetas,
2397 2180 2452 2231 et
2484 2176 2846 2234 divinaculos
2877 2180 3136 2235 animum
3180 2180 3453 2252 appellat.
3489 2188 3680 2254 Atque

2026 2264 2383 2334 paradoxum
2417 2265 2653 2335 quidem
2687 2267 2946 2339 aliquod,
2980 2273 3035 2323 et
3064 2286 3096 2323 a
3154 2273 3456 2325 communi
3500 2270 3682 2326 homi-

2026 2367 2171 2406 num
2205 2353 2480 2423 opinione
2505 2354 2954 2425 alienum,Deus
2976 2355 3316 2412 hominibus
3339 2357 3678 2429 hujusmodi

2024 2456 2141 2495 non
2173 2457 2301 2498 raro
2325 2445 2609 2515 suggerit,
2643 2461 2758 2516 quo
2783 2445 2900 2500 veri
2925 2446 3101 2501 etiam
3152 2445 3368 2518 aliquid
3412 2464 3677 2519 praenun-

2025 2529 2190 2600 tient,
2227 2531 2394 2588 utvel
2420 2531 2528 2588 hoc
2553 2533 2767 2588 indicio
2803 2534 3094 2590 manifesti
3147 2535 3305 2605 ﬁant,
3339 2538 3677 2609 quicunque

2025 2617 2187 2675 illius
2219 2620 2530 2692 promissis
2551 2637 2679 2677 vere
2703 2622 3052 2678 innituntur.
3114 2625 3174 2680 Iri
3205 2627 3359 2681 enim
3422 2643 3523 2698 per
3554 2627 3674 2682 Mo-

2024 2721 2148 2761 sem
2173 2723 2405 2778 quoque
2429 2707 2585 2764 hunc
2607 2708 2666 2763 in
2692 2711 2929 2765 modum
2955 2711 3136 2766 dixit:
3162 2711 3680 2769 Siverosurrerccrit

2023 2796 2083 2849 in
2114 2796 2296 2852 medio
2327 2797 2732 2870 tuiprophetes,
2779 2804 2877 2855 aut
2919 2802 3014 2871 qui
3065 2804 3341 2857 somnium
3395 2803 3594 2859 vidisse
3621 2819 3677 2859 se

2027 2885 2202 2954 dicat,
2234 2890 2286 2940 et
2311 2887 2650 2958 praedixerit
2703 2889 2923 2957 signum
2977 2895 3141 2962 atque
3181 2896 3501 2962 portentum
3553 2909 3566 2948 :
3626 2897 3678 2949 et

2025 2976 2268 3030 euenerit
2298 2975 2436 3046 quod
2469 2975 2678 3031 locutus
2707 2981 2808 3043 est,
2839 2984 2891 3033 et
2921 2979 3128 3036 dixerit
3173 2981 3278 3036 tibi
3301 2997 3314 3036 :
3368 2983 3590 3046 Eamus,
3622 2986 3676 3038 et

2025 3077 2320 3133 sequamur
2348 3062 2476 3121 deos
2506 3065 2714 3120 alienos
2740 3082 2870 3137 quos
2895 3069 3136 3139 ignoras,
3158 3078 3212 3125 et
3233 3069 3537 3126 serviamus
3566 3070 3668 3136 eis,

2026 3167 2133 3207 non
2167 3153 2356 3208 audies
2388 3153 2551 3209 verba
2597 3156 2876 3227 prophetae
2922 3158 3078 3213 illius
3120 3166 3216 3214 aut
3263 3161 3617 3214 somniatoris
3653 3175 3666 3214 :

338 3244 495 3308 Quod
548 3245 596 3298 si
651 3244 784 3316 quis
839 3244 1076 3301 videndi
1135 3244 1408 3302 facultate
1443 3214 1729 3320 .privatus
1796 3262 1913 3302 uno
1943 3231 1986 3296 C
2026 3241 2158 3312 quia
2186 3246 2360 3298 tentat
2388 3259 2478 3300 vos
2506 3214 2770 3300 Dominus
2801 3247 2937 3302 Deus
2977 3251 3170 3316 vester,
3217 3257 3280 3304 ut
3323 3249 3515 3321 palam
3547 3250 3667 3319 ﬁat,

267 3349 441 3388 cursu
469 3332 623 3388 viam
655 3333 800 3390 citra
831 3335 1247 3391 olfendiculum
1280 3337 1600 3405 transierit,
1635 3351 1746 3392 non
1772 3352 1914 3392 ocu-

267 3423 362 3487 lis,
397 3424 498 3478 sed
528 3423 675 3478 torte
732 3423 965 3480 fortuna
1023 3424 1383 3482 curriculum
1435 3425 1774 3497 hujusmodi
1821 3424 1916 3482 ab-

263 3511 510 3567 solvisse
541 3512 896 3568 censebitur.

337 3607 410 3656 At
443 3617 570 3656 vero
603 3601 651 3657 si
678 3601 1075 3670 juxtaChristi
1095 3603 1474 3660 sententiam:
1529 3607 1698 3660 Nemo
1742 3613 1912 3676 potest

268 3691 372 3746 Dco
393 3693 598 3746 servire
627 3700 682 3745 et
713 3706 1044 3748 mammona
1072 3691 1138 3757 ’7,
1157 3691 1251 3746 ille
1275 3693 1648 3748 dissentanea
1671 3709 1912 3762 prorsus

261 3785 317 3835 et
352 3795 418 3834 ex
451 3779 736 3834 diametro
769 3781 1158 3852 repugnantia
1214 3781 1474 3852 molitur,
1532 3782 1634 3854 qui
1684 3781 1820 3850 Deo,
1856 3786 1912 3839 et

263 3870 434 3925 rebus
468 3869 538 3924 ab
569 3869 667 3926 illo
700 3871 928 3936 creatis,
962 3887 1182 3942 (equam
1242 3872 1569 3929 futurorum
1623 3872 1909 3943 cognitio-

263 3973 395 4012 nem
429 3957 717 4014 attribuit.

331 4050 451 4101 Hoc
477 4047 653 4103 etiam
679 4047 1055 4119 perspicuum
1079 4064 1146 4103 ex
1179 4065 1244 4103 eo
1287 4052 1395 4112 est,
1420 4048 1568 4118 qucd
1595 4047 1908 4118 prepheta-

262 4140 735 4206 rum,Patrumve
758 4135 857 4208 qui
879 4138 1028 4192 inter
1048 4135 1411 4190 Christianos
1445 4135 1658 4190 virtute
1687 4135 1908 4191 steteris

258 4225 671 4298 praeluxerant,
706 4225 906 4281 nullus
938 4230 1229 4281 astrorum
1273 4228 1498 4280 motum
1548 4224 1907 4290 dimetiatur,

267 4333 456 4388 neque
486 4316 911 4372 elementorum
942 4333 1115 4372 usum
1148 4315 1440 4371 curiosius
1491 4315 1768 4387 inquirat;
1798 4315 1908 4369 hu-

257 4422 614 4478 manamque
645 4411 915 4463 naturam
946 4407 1015 4461 ad
1053 4423 1120 4462 ea
1149 4405 1479 4477 compellat,
1504 4421 1632 4476 quae
1667 4403 1910 4460 minime

258 4494 682 4567 decent,neque
701 4495 866 4552 vanis
892 4494 1240 4567 imposturis
1266 4493 1690 4562 innitatur,sed
1723 4493 1906 4550 divini

2021 3340 2208 3386 utrum
2237 3332 2488 3402 diligatis
2520 3349 2644 3390 eum
2673 3351 2860 3392 annon
2918 3337 2973 3391 in
3037 3345 3143 3393 toto
3191 3339 3352 3394 corde
3380 3342 3431 3393 et
3477 3337 3536 3393 in
3564 3341 3678 3394 tota

2021 3422 2209 3475 anima
2247 3427 2428 3477 vestra
2461 3424 2529 3478 3'.
3397 3410 3400 3414 ’

2093 3509 2204 3564 Sed
2235 3514 2292 3566 et
2319 3510 2655 3582 Stephanus
2687 3513 2807 3585 ille,
2841 3514 2941 3586 qui
2967 3515 3198 3588 primus
3221 3520 3352 3589 post
3375 3516 3672 3573 Christum

2022 3614 2233 3668 passus
2265 3604 2374 3668 est,
2407 3600 2777 3658 Hebraeorum
2820 3605 3158 3660 concionem
3201 3606 3675 3676 objurgans,quae

2020 3688 2276 3744 czedibus
2317 3691 2590 3761 gaudeat,
2655 3693 2884 3763 Deoque
2937 3693 3188 3755 difﬁdat,
3249 3694 3375 3761 ejus
3421 3692 3674 3760 denique

2021 3778 2297 3833 mandata
2317 3780 2801 3851 transgredialur,
2834 3797 2948 3852 quo
2976 3785 3235 3851 tempore
3267 3779 3506 3850 quidam
3543 3779 3672 3848 ejus

2020 3867 2508 3938 congregationis,
2542 3883 2670 3936 quae
2702 3866 3130 3923 Libertinorum
3181 3865 3500 3932 dicebatur,
3534 3882 3671 3922 eum

2020 3955 2377 4023 quaerebant,
2410 3971 2513 4008 nec
2545 3954 2866 4024 sapientiae,
2901 3962 2956 4011 et
2987 3954 3218 4026 spiritui
3252 3971 3365 4025 quo
3399 3955 3673 4026 loqueba-

2019 4046 2136 4109 tur,
2165 4042 2436 4098 resistere
2494 4048 2782 4115 poterant,
2834 4061 2969 4099 cum
3024 4044 3140 4100 alia
3198 4045 3497 4116 pleraque,
3541 4049 3669 4102 tum

2021 4129 2142 4185 haec
2175 4131 2232 4185 in
2264 4130 2472 4202 primis
2504 4132 2574 4187 de
2625 4131 3027 4188 Israclitarum
3087 4138 3260 4206 gente
3319 4134 3573 4190 disserit.
3605 4136 3672 4190 Et

2020 4220 2258 4275 uitulum
2285 4220 2540 4293 fecerunt
2571 4223 2628 4276 in
2658 4221 2846 4278 diebus
2877 4223 3023 4291 illis,
3084 4228 3139 4279 ct
3181 4224 3496 4280 obtulerunt
3543 4225 3666 4280 hos-

2017 4308 2160 4364 tiam
2188 4311 2503 4377 simulacro,
2533 4318 2587 4366 ct
2615 4311 2948 4368 laetabantur
2974 4315 3031 4368 in
3079 4313 3341 4383 operibus
3397 4330 3666 4370 manuum

2017 4413 2248 4454 suarum
2278 4416 2297 4454 :
2326 4403 2589 4456 convertit
2616 4409 2800 4456 autem
2830 4402 2994 4471 Deus,
3017 4408 3066 4458 et
3088 4403 3320 4458 tradidit
3345 4419 3434 4459 eos
3464 4405 3669 4458 servire

2017 4487 2235 4543 mitilite
2250 4488 2548 4555 cwli,sicut
2567 4492 2832 4562 scriptum
2855 4499 2934 4547 est
2961 4494 3019 4546 in
3048 4491 3197 4549 libro
3235 4493 3629 4564 pr0phetarum
3655 4507 3668 4547 :

257 4582 513 4653 Spiritus
544 4583 896 4640 revelatione
927 4599 1020 4640 res
1061 4583 1292 4639 futuras
1323 4583 1651 4654 praevideal,
1698 4598 1914 4654 easque
1947 4589 1991 4653 Ι)
2025 4577 2301 4650 Numquid
2331 4580 2580 4634 victimas
2626 4588 2677 4636 et
2732 4580 2943 4636 hostias
2997 4581 3276 4638 obtulistis
3334 4581 3475 4636 mihz
3505 4582 3672 4636 annis

259 4672 384 4726 suis
443 4673 806 4744 temporibus
872 4677 1180 4729 eventuras
1223 4674 1447 4744 absque
1512 4671 1628 4728 ullo
1714 4688 1906 4728 errore

262 4762 620 4832 pronuntiet,
653 4762 792 4833 quia
823 4763 1102 4818 nimirum
1132 4763 1287 4818 Deus
1318 4762 1443 4833 ipse
1465 4761 1819 4834 perillorum
1842 4779 1906 4818 os

258 4850 641 4921 loquebatur:
676 4867 822 4923 quos
854 4852 1026 4907 etiam
1062 4853 1265 4907 audire
1295 4857 1385 4907 est
1414 4851 1470 4904 in
1527 4850 1905 4923 astrologiam

260 4945 542 5012 tanquam
576 4941 984 5012 perniciosam,
1019 4941 1148 4997 falsi
1180 4946 1493 5007 amantem,
1527 4944 1704 5013 atque
1755 4956 1906 4995 teru-

260 5030 686 5098 scatricem,his
710 5029 902 5087 verbis
925 5030 1301 5087 invehentes:
1366 5035 1493 5086 Haec
1535 5031 1674 5086 dicit
1715 5029 1905 5084 Domi-

258 5135 399 5174 nus:
432 5119 601 5175 Juxta
633 5121 750 5175 vias
779 5120 1021 5190 gentium
1052 5121 1220 5174 nolite
1274 5118 1508 5188 discere,
1559 5126 1608 5174 et
1657 5136 1689 5174 a
1730 5119 1907 5188 signis

258 5209 384 5262 calli
426 5208 604 5264 nolite
632 5217 870 5265 metuere
899 5225 1020 5280 qua:
1053 5211 1244 5264 timent
1273 5210 1620 5280 gentes,quia
1651 5209 1794 5278 leges
1807 5223 1908 5278 po-

254 5297 514 5369 palorum
567 5314 720 5353 vana
775 5302 900 5354 sunt
960 5298 1026 5352 2³.
1085 5298 1227 5352 Nam
1288 5299 1431 5352 facta
1481 5307 1616 5352 sunt
1648 5297 1815 5368 signa
1845 5297 1904 5351 in

259 5386 474 5453 lucem,
507 5389 653 5443 etin
712 5392 995 5460 tempora,
1051 5391 1108 5442 et
1163 5385 1448 5442 Creatoris
1509 5385 1753 5440 nutibus
1810 5400 1900 5441 ce-

254 5477 402 5530 dunt
425 5492 439 5532 :
465 5480 522 5532 et
545 5481 875 5549 temporum
910 5475 1264 5532 mutationes
1296 5475 1368 5531 iis
1403 5473 1500 5545 qui
1546 5478 1688 5529 sunt
1729 5490 1906 5546 super

333 5650 377 5685 ²⁶
406 5651 427 5705 Ι
458 5653 599 5724 Reg.
631 5667 824 5718 xxvm,
860 5654 1083 5724 t‘seqq.
1180 5647 1226 5684 ³⁷
1255 5647 1460 5724 Matth.
1513 5664 1590 5719 vx,
1629 5647 1720 5707 24.

256 5721 303 5757 ³⁸
340 5725 509 5780 Deut.
544 5720 668 5794 im,
697 5724 817 5780 1-3.
894 5722 942 5758 ³2
968 5720 1094 5779 Ᾱοῑ.
1127 5736 1225 5794 vn,
1256 5720 1447 5779 41-43.

1817 5647 1860 5682 ²⁸
1887 5651 2098 5709 lerem.
2131 5663 2186 5717 x,
2217 5647 2273 5712 2,
2304 5643 2361 5704 3.

2017 4666 2383 4738 quadraginta
2415 4669 2473 4722 in
2502 4668 2730 4737 deserto,
2765 4668 2960 4726 domus
2989 4671 3164 4726 Israel
3188 4674 3213 4723 .9
3270 4673 3330 4726 Et
3361 4672 3671 4742 suscepistis

2018 4757 2464 4823 tabernaculum,
2521 4757 2775 4824 Moloch,
2825 4763 2877 4814 et
2923 4759 3097 4815 Sidus
3150 4761 3249 4816 Dei
3293 4762 3460 4816 vestri
3506 4765 3672 4816 Rem-

2014 4846 2201 4918 pham,
2234 4847 2442 4916 ﬁguras
2473 4862 2607 4916 quas
2638 4848 2866 4916 fecistis,
2900 4849 3133 4905 adorare
3161 4865 3274 4906 eas.
3321 4851 3380 4905 Et
3433 4851 3669 4920 transfe-

2017 4952 2136 4990 ram
2168 4949 2257 4991 vos
2287 4942 2446 4990 trans
2476 4935 2811 5006 Babylonem
2849 4935 2918 4990 3’.

2089 5025 2293 5079 Parum
2327 5040 2479 5090 vero,
2513 5029 2614 5079 aut
2673 5023 2819 5080 nihil
2876 5024 3072 5080 diii‘ert
3132 5026 3182 5082 is
3244 5026 3345 5098 qui
3397 5025 3669 5082 militiam

2016 5113 2166 5184 coeli,
2200 5113 2308 5168 hoc
2342 5112 2675 5182 cststellas,
2706 5114 2928 5181 adorat,
2964 5115 3034 5169 ab
3090 5131 3156 5169 eo
3207 5116 3306 5186 qui
3357 5115 3678 5170 subscribit

2015 5209 2072 5259 et
2094 5202 2413 5274 acquiescit
2434 5201 2504 5257 iis
2535 5203 2638 5274 qui
2659 5219 2726 5258 ex
2746 5202 2982 5258 illarum
3032 5205 3353 5260 curiosiore
3385 5203 3670 5274 disquisi-

2013 5293 2172 5348 tione
2203 5308 2294 5346 res
2328 5292 2555 5346 futuras
2586 5292 3002 5361 vaticinantur,
3026 5293 3183 5364 quod
3225 5293 3432 5348 divinae
3467 5298 3674 5364 poten-

2014 5381 2127 5448 tiae,
2161 5382 2405 5451 ejusque
2461 5379 2646 5436 solius
2704 5381 3008 5452 proprium
3059 5399 3274 5439 munus
3333 5387 3441 5454 est,
3497 5387 3672 5454 atque

2012 5485 2216 5527 eorum
2248 5470 2463 5541 quibus
2495 5469 2604 5526 hoc
2635 5469 2736 5526 illa
2765 5472 3146 5528 concesserit.

2457 5641 2504 5678 2°
2532 5643 2700 5705 Deut.
2732 5661 2893 5718 xvm,
2925 5647 3085 5703 9.11.
3199 5646 3246 5683 ³ο
3272 5648 3422 5707 Ibid.
3458 5647 3547 5717 13,
3584 5645 3673 5703 14.
