4090 6192
425 303 578 365 1351

1749 303 2056 366 ΝΙΟΕΤίΕ
2101 301 2540 368 ΟΗΟΝΙΑΤΜ.

3691 305 3849 364 1352

493 438 760 497 Christus
784 443 976 497 autem
1003 441 1163 514 ipsos
1194 442 1374 498 etiam
1399 443 1692 499 daemonas
1715 441 2074 511 increpabat,
2106 449 2160 515 Α
2193 440 2344 496 valla
2367 446 2820 498 commorantur.
2839 441 3256 513 Saepenumero
3281 440 3456 495 etiam
3512 439 3858 509 equitatnri,

421 529 680 585 dicentes
709 548 721 586 :
756 532 895 599 Quid
923 531 1080 587 nobis
1108 541 1160 588 et
1193 533 1326 599 tibi,
1358 534 1484 589 Jesu
1541 533 1648 586 Fili
1701 532 1835 586 Dei‘l
1885 530 2083 586 venisti

424 619 530 674 huc
560 630 684 676 ante
714 631 919 692 tempus
978 633 1225 694 torquere
1276 639 1372 678 nos
1410 621 1509 678 33?
1571 622 1781 678 Paulus
1849 635 2082 692 quoque

427 709 705 780 puellam,
740 728 865 781 quas
911 729 943 765 a
1005 712 1318 784 Pythonico
1388 713 1599 782 spiritu
1657 711 1996 778 vexabatur,
2025 713 2082 763 et

426 798 757 853 clamabat:
789 799 893 854 Isti
921 802 1166 856 homines
1194 803 1338 856 servi
1398 803 1499 856 Dei
1544 803 1751 855 excelsi
1799 803 1948 864 sunt,
1983 799 2083 869 qui

423 893 769 942 annuntiant
800 891 944 944 vobis
974 892 1126 946 viam
1182 892 1378 945 salutis
1409 889 1472 944 ³⁸.
1535 894 1796 960 Cumque
1831 906 1929 958 per
1961 888 2080 941 dies

428 977 648 1032 multos
683 979 832 1032 idem
869 985 1083 1050 ageret,
1116 986 1387 1050 satagens
1421 979 1538 1044 ille,
1573 981 1640 1033 ad
1685 979 2077 1049 spiritumque

427 1082 764 1132 conversus,
800 1071 1034 1138 inquit:
1097 1071 1361 1140 Praecipio
1415 1067 1516 1123 tibi
1568 1067 1627 1122 in
1687 1065 1916 1124 nomine
1955 1067 2079 1120 Jesu

429 1154 652 1221 Christi,
685 1157 842 1210 exire
871 1157 938 1210 ab
967 1174 1039 1212 ea
1069 1155 1138 1210 ³⁵.
1193 1158 1351 1220 Quod
1405 1165 1455 1212 et
1504 1172 1638 1212 cum
1691 1157 1844 1212 dicto
1897 1155 2030 1210 fecit
2063 1170 2077 1208 :

429 1259 616 1314 neque
657 1243 712 1298 id
748 1244 1190 1318 injuria,neque
1222 1246 1375 1300 enim
1405 1246 1634 1318 propria
1674 1251 1730 1301 et
1762 1246 1937 1302 insita
1969 1248 2080 1301 ἀω-

431 1334 704 1387 monibus
733 1338 823 1388 est
858 1338 1184 1389 futurorum
1245 1336 1546 1407 praedictio
1604 1334 1762 1407 [(56)
1825 1337 1924 1390 sed
1964 1337 2082 1390 vio-

423 1420 612 1475 lentia:
659 1423 874 1493 potius,
918 1428 975 1477 et
1000 1430 1324 1494 prmtextus
1348 1424 1592 1495 species,
1628 1442 1737 1496 qua
1764 1425 2086 1481 minutissi-

428 1526 604 1576 mam,
633 1511 840 1581 vixque
876 1511 1160 1567 tantillum
1189 1513 1454 1567 veritatis
1504 1514 1820 1584 imaginem
1881 1514 2085 1584 praevi-

427 1598 610 1669 dent],
656 1605 811 1653 utex
840 1601 924 1654 eis
958 1601 1165 1671 priscis
1221 1602 1472 1656 oraculis
1526 1607 1776 1667 constat,
1829 1619 2086 1672 quorum

434 1686 547 1741 alia
580 1693 644 1741 ut
677 1687 994 1758 plurimum
1059 1689 1238 1743 dubia
1299 1695 1460 1756 sunt,
1523 1689 1639 1744 alia
1700 1693 1955 1745 maxima
1997 1681 2088 1746 sui

432 1782 596 1845 parte
627 1779 948 1833 mendaciis
980 1784 1235 1844 scatent,
1266 1785 1320 1834 et
1380 1796 1578 1834 eorum
1640 1780 1735 1850 qui
1783 1781 1854 1835 iis
1905 1781 2092 1836 credi-

432 1865 1054 1936 derunt,plerosquein
1087 1868 1238 1922 mala
1265 1868 1604 1923 discrimina
1654 1876 2089 1953 protruserunt,

429 1968 497 2007 ex
527 1953 743 2024 quibus
777 1955 943 2009 nulla
975 1961 1098 2010 arte
1127 1971 1424 2027 cmergere
1448 1962 1862 2028 poterantJam
1897 1959 1943 2013 si
1977 1958 2093 2013 dae-

424 2058 620 2096 mones
635 2043 980 2097 substantia:
1001 2045 1117 2098 sint
1133 2046 1379 2099 rationis
1397 2047 2094 2118 participes,etquaecun-

429 2137 552 2186 ctos
578 2132 736 2187 orbis
759 2133 1004 2204 angulos
1032 2133 1536 2206 circumvolitt=nt[
1565 2137 1676 2207 (57)
1699 2141 2090 2208 atqueetiam-

435 2237 578 2274 num
600 2221 755 2276 velut
785 2227 1074 2278 extremos
1110 2223 1484 2292 pristinarum
1521 2233 1869 2297 upostaseon
1903 2226 2090 2282 rebel-

439 2309 786 2382 lionumque
809 2327 983 2366 sonos
1008 2328 1158 2382 sazpe
1181 2314 1612 2382 retineant,imo
1629 2316 1803 2370 etiam
1823 2333 1933 2372 non
1960 2333 2089 2372 raro

429 2415 494 2452 ea
519 2415 643 2470 quae
667 2404 948 2454 eventura
981 2406 1142 2463 sunt,
1167 2401 1376 2456 melius
1404 2419 1581 2474 quam
1625 2420 1730 2460 nos
1760 2403 1870 2475 ipsi
1896 2406 2087 2476 conje-

445 2492 622 2558 ctent]
649 2505 661 2542 :
687 2498 742 2542 ut
768 2489 1085 2560 plurimum
1110 2492 1363 2561 profecto
1396 2492 1572 2546 stellae
1604 2498 1774 2547 mutas
1798 2500 1957 2559 sunt,
1984 2510 2088 2550 nec

434 2581 767 2633 futurorum
802 2579 1120 2650 quidquam
1158 2581 1518 2652 intelligunt,
1554 2599 1741 2654 neque
1773 2600 1965 2639 rerum
1995 2600 2090 2639 na-

427 2672 598 2722 turas
630 2671 981 2738 perscrutari
1020 2675 1288 2740 possunt,
1323 2680 1380 2724 ut
1412 2672 1839 2738 daemones,scd
1876 2672 2086 2743 hujus-

439 2757 594 2810 modi
626 2762 827 2826 artem,
861 2758 1127 2828 quamvis
1153 2763 1349 2813 nostro
1396 2759 1607 2814 saeculo
1666 2760 1996 2828 obscuram,
2030 2766 2088 2818 et

435 2848 508 2898 ab
541 2845 828 2916 imperitis
863 2847 1196 2902 hominibus
1231 2847 1639 2918 proﬂuentem,
1675 2849 1840 2904 multi
1883 2866 2086 2906 eorum

436 2933 531 3004 qui
563 2935 632 2988 ad
669 2944 930 3006 tempora
988 2942 1188 2992 nostra
1248 2943 1652 3008 pervenerunt,
1716 2940 1967 2994 maximo
2025 2939 2083 2994 in

438 3024 620 3092 pretio
644 3023 881 3093 habent,
915 3023 1105 3096 iisque
1136 3041 1197 3080 se
1229 3026 1581 3097 adjungunt,
1614 3027 1710 3098 qui
1755 3028 1895 3082 artis
1928 3027 2086 3084 illius

433 3110 706 3180 peritiam
743 3111 854 3168 sibi
885 3114 1205 3178 vindicant,
1237 3119 1520 3186 tanquam
1561 3115 1710 3170 veris
1761 3117 2086 3172 futurorum

2193 547 2326 586 cum
2350 548 2548 588 eorum
2577 549 2700 605 qua:
2722 531 3127 603 equitantibus
3151 531 3482 586 necessaria
3517 535 3662 585 sunt
3696 534 3864 600 parte

2193 621 2696 692 accincti,paate.'n
2727 639 2900 677 manu
2938 625 3258 694 gestarent,
3290 637 3439 692 equo
3460 623 3586 689 jam
3615 620 3685 673 ad
3719 617 3861 673 sub-

2193 709 2425 764 sellium
2460 715 2672 782 stante,
2715 711 2870 766 hora:
2913 709 3435 782 intempestivitate
3475 709 3730 764 revocati
3765 723 3863 779 pe-

2194 799 2445 870 demque
2475 800 2814 866 referentes,
2846 798 3205 870 propositum
3241 807 3440 852 contra
3499 797 3675 852 animi
3724 813 3861 850 sen-

2194 888 2431 944 tentiam
2467 893 2880 956 mutaverunt;
2914 904 2980 944 ac
3011 887 3061 942 si
3097 889 3256 960 regio
3287 887 3494 952 illa,ad
3530 903 3712 957 quam
3749 885 3864 940 iter

2195 977 2596 1045 instituerant,
2630 979 2932 1034 chasmate
2966 978 3211 1048 disjecta
3242 975 3509 1045 esset,vel
3532 979 3711 1031 etiam
3741 991 3858 1029 cm-

2193 1065 2324 1121 lesti
2348 1073 2563 1122 terrore
2587 1068 2832 1138 jamjam
2869 1066 3237 1122 concutiendi
3269 1070 3486 1121 essent.

2195 1211 2464 1283 Πάρεργον
2494 1229 2562 1266 ex
2615 1211 2808 1267 Niceta
2865 1211 2996 1282 ipso
3050 1211 3122 1265 de
3170 1211 3426 1283 vanitate
3484 1207 3852 1280 Ethnophro-

2463 1300 2628 1350 num,
2664 1284 2719 1337 in
2754 1281 3005 1354 persena
3038 1281 3324 1338 Manuelis
3356 1284 3565 1353 imper.

2267 1409 2480 1462 Nicetas
2540 1407 2830 1462 Choniates
2896 1406 3202 1462 Annalium
3257 1405 3553 1468 Manuelis,
3629 1405 3734 1460 tib.
3792 1422 3853 1473 II,

2199 1496 2338 1562 Quia
2369 1511 2513 1562 vero,
2547 1498 2750 1567 inquit,
2782 1495 3097 1568 potentibus
3151 1498 3266 1565 fere
3316 1497 3571 1549 omnibus
3603 1505 3721 1548 tum
3755 1510 3857 1550 no-

2197 1591 2352 1652 strm,
2383 1592 2498 1640 tum
2519 1586 2822 1656 superioris
2845 1585 3029 1641 aetatis
3087 1584 3357 1654 placitum
3410 1592 3504 1649 est,
3552 1582 3857 1638 stellarum

2198 1676 2606 1745 progressiones
2657 1681 2710 1730 et
2767 1673 3220 1745 retrogressiones
3276 1680 3555 1742 certosque
3604 1673 3852 1743 positus,

2201 1764 2685 1833 conﬁgurationes,
2723 1780 2990 1829 accessus,
3049 1779 3315 1831 recessus,
3374 1771 3673 1831 cateraque
3721 1774 3857 1831 quae

2200 1863 2498 1924 nugatores
2529 1854 2625 1908 isti
2655 1853 2715 1908 in
2745 1853 2949 1908 divine
2975 1851 3342 1923 providentia
3377 1853 3639 1921 fraudem
3689 1851 3857 1918 afﬁr-

2203 1950 2374 2012 mant,
2409 1961 2472 2000 ac
2499 1944 2918 2000 dissimulanter
2944 1943 3174 2013 fatalem
3215 1944 3466 1998 omnium
3512 1957 3706 1996 rerum
3752 1956 3855 1996 ne-

2198 2035 2502 2088 cessitatem
2530 2035 2800 2100 statuunt,
2833 2032 2904 2087 ad
2932 2033 3255 2100 felicitatem
3285 2029 3673 2100 humanosque
3691 2044 3858 2084 casus

2197 2123 2433 2178 multum
2464 2123 2668 2185 valere,
2701 2119 2927 2176 Munuel
2955 2121 3210 2176 idoneum
3239 2121 3483 2175 exeundi
3512 2124 3730 2188 tempus
3762 2120 3855 2172 in-

2198 2211 2391 2282 quirit,
2427 2211 2591 2283 idque
2622 2212 2974 2267 Constantino
3031 2209 3348 2266 denuntiat.
3407 2208 3518 2264 Sed
3567 2209 3695 2282 quid
3735 2209 3853 2275 ﬁt!

2198 2302 2445 2355 Nondum
2475 2300 2545 2354 ad
2595 2315 2846 2355 occasum
2901 2300 3157 2367 vergebat
3209 2298 3311 2365 sol,
3371 2297 3638 2352 Manuelis
3691 2298 3853 2365 iussu

2195 2389 2350 2443 homo
2407 2396 2717 2453 revocatur,
2765 2387 2833 2443 ob
2897 2387 3300 2443 incommodum
3358 2390 3605 2450 exitum,
3665 2385 3855 2441 minus

2193 2479 2380 2547 fausto
2404 2477 2645 2532 siderum
2674 2475 2878 2546 positu,
2909 2493 3009 2530 nec
3035 2476 3322 2530 subtiliter
3349 2483 3402 2530 et
3435 2482 3701 2529 accurate
3732 2491 3863 2545 per-

2194 2567 2414 2638 quisito.
2475 2567 2681 2621 Rursus
2738 2567 2914 2636 igitur
2970 2565 3152 2620 thema
3203 2563 3592 2632 constituitur,
3649 2564 3862 2633 regule

2194 2654 2615 2721 consuluntur;
2663 2659 2780 2724 post
2839 2653 3053 2723 longam
3101 2656 3384 2707 astrorum
3435 2652 3859 2723 indagationem

2195 2744 2426 2814 Angelus
2467 2743 2604 2810 cxil,
2651 2759 2778 2797 cum
2819 2743 3182 2812 beneﬁcorum
3229 2742 3475 2796 siderum
3522 2744 3805 2795 comitatu
3847 2757 3866 2796 .'

2193 2833 2283 2886 sed
2311 2832 2413 2887 illa
2467 2832 2620 2887 horae
2676 2831 2975 2887 observatio
3033 2835 3249 2886 tantum
3313 2830 3581 2885 Romanis
3617 2833 3855 2901 proluit,

2190 2921 2544 2992 priorumqae
2573 2920 2770 2976 ducum
2797 2925 2986 2976 errata
3018 2921 3100 2976 ita
3134 2921 3401 2984 correxit,
3426 2924 3479 2974 et
3509 2929 3742 2990 accepta
3777 2920 3859 2974 de-

2193 3013 2455 3066 trimenta
2483 3014 2730 3078 resarsil,
2786 3019 2847 3066 ut
2895 3011 3292 3066 Constantinus
3351 3012 3557 3064 statim
3616 3009 3858 3065 hostium

2198 3100 2455 3154 manibus
2486 3103 2798 3169 caperetur,
2834 3104 2947 3155 etc.
2983 3100 3080 3170 (De
3110 3116 3296 3169 pugna
3346 3099 3717 3154 Constantini
3747 3100 3857 3154 An-

435 3200 860 3269 conjectoribus
886 3219 897 3256 :
926 3204 1195 3274 quamvis
1223 3203 1453 3258 illorum
1480 3220 1762 3276 responsa
1797 3200 2084 3277 perspicui

2204 3190 2334 3258 geli,
2367 3204 2524 3259 quem
2558 3191 2788 3244 Monuel
2817 3189 3010 3244 ducem
3039 3189 3356 3257 designarat
3389 3191 3694 3252 exercitus,
3726 3205 3855 3243 con-

436 3290 584 3344 nihil
619 3289 978 3357 contineant,
1012 3293 1286 3362 quodque
1320 3293 1558 3364 prepius
1590 3310 1850 3364 unquam
1898 3297 1965 3348 ad
1997 3310 2092 3349 ve-

431 3379 660 3432 ritatem
696 3379 953 3434 accedat.
981 3379 1382 3435 Nihilominus
1441 3382 1682 3436 auribus
1739 3384 2090 3454 prurientes,

430 3465 640 3535 etquis
667 3465 721 3520 in
753 3466 928 3520 verbo
954 3466 1231 3522 fortassis
1280 3485 1396 3523 uno
1445 3484 1579 3524 vera
1628 3471 1920 3536 dixerunt,
1956 3477 2095 3544 puta

430 3555 490 3608 in
525 3553 830 3609 nocturnis
857 3555 1107 3610 visionib
1130 3557 1346 3626 us.jam
1372 3557 1442 3612 iis
1465 3573 1593 3628 qua:
1626 3559 2090 3634 simpliciterilli,

429 3648 484 3698 et
518 3644 576 3698 in
605 3659 814 3715 genere
845 3643 1068 3713 dicunt,
1110 3661 1223 3700 non
1260 3661 1432 3700 secus
1493 3652 1666 3717 atque
1715 3648 1929 3705 divinis
1961 3667 2093 3706 ora-

428 3732 575 3788 culis
607 3732 778 3788 ﬁdem
813 3734 1185 3802 adhibentes,
1235 3733 1482 3791 libenter
1550 3736 1957 3808 acquiescunt,
2017 3741 2088 3796 ad

428 3839 647 3896 eosque
670 3841 731 3880 se
764 3827 1095 3891 conferunt,
1130 3826 1424 3881 interdum
1460 3826 1632 3882 etiam
1659 3827 2087 3902 illorumjussu

428 3929 498 3967 ne
532 3913 729 3968 divina
765 3913 999 3985 quidem
1034 3913 1275 3970 delubra
1302 3916 1740 3988 ingrediuntur.

499 4001 628 4055 Vidi
662 4019 792 4057 vero
824 4007 1220 4059 Romanorum
1283 4004 1456 4059 etiam
1518 4006 1898 4077 imperatores
1958 4012 2086 4078 (nec

428 4090 582 4146 enim
617 4108 821 4146 omnes
848 4093 1121 4164 culpandi
1157 4093 1317 4164 sunt)
1378 4093 1478 4166 qui
1539 4095 1788 4166 negotiis
1821 4097 2077 4168 urgenti-

431 4177 560 4245 bus,
596 4179 889 4234 ueminem
921 4196 1119 4235 eorum
1146 4181 1203 4234 in
1238 4182 1551 4236 consilium
1587 4182 2086 4256 adhiberent,qui

428 4265 513 4320 vel
548 4267 855 4338 sapientia,
887 4270 974 4323 vel
1011 4268 1183 4339 longa
1233 4270 1311 4324 rei
1378 4270 1648 4325 militaris
1701 4273 2078 4345 experientia,

429 4353 682 4411 celebres
715 4357 1082 4422 haberentur,
1112 4360 1207 4412 sed
1241 4359 1312 4413 ab
1365 4359 1794 4432 astrologorum
1840 4362 2085 4432 judiciis

432 4452 729 4516 tantopere
748 4447 1348 4520 dependerent,atque
1373 4448 1444 4503 iis
1467 4465 1592 4520 quae
1618 4467 1684 4505 ex
1714 4451 2083 4521 planetarum

2199 3282 2285 3334 tra
2328 3281 2618 3350 Bogcrium
2651 3295 2840 3350 regem
2869 3279 3160 3338 Stculuml.

2901 3410 2979 3460 De
3009 3409 3150 3476 fato.

2273 3533 2443 3587 Porro
2479 3532 2659 3587 fatum
2687 3530 2868 3586 Grani
2897 3531 2976 3586 ita
3007 3531 3476 3597 introducebant,
3528 3530 3857 3586 Necessita-

2202 3624 2312 3675 tem
2332 3619 2782 3691 tlngebant,qua~.
2815 3619 2988 3675 rebus
3019 3624 3296 3691 praeesset
3338 3618 3642 3685 omnibus,
3685 3619 3856 3689 cujus

2199 3709 2349 3765 tilias
2390 3714 2529 3778 tres,
2592 3710 2920 3778 Lachelam,
2979 3711 3208 3778 Clotho,
3269 3714 3325 3765 et
3382 3714 3638 3780 Atropon
3697 3712 3856 3764 esset

2195 3799 2508 3857 dicebant:
2568 3799 2649 3855 ita
2704 3806 2768 3854 ut
2816 3801 3144 3856 Necessitas
3197 3799 3414 3854 futuris
3471 3799 3846 3870 prospiceret,

2197 3888 2445 3944 Lacheia
2501 3894 2715 3944 sortem
2777 3889 3315 3960 superinduceret;
3379 3887 3568 3944 Clotho
3623 3886 3844 3940 iisdem

2194 3979 2407 4044 nendo,
2442 3981 2759 4049 fusumque
2809 3979 3343 4046 circumvolvendo,
3407 3977 3573 4032 robur
3614 3980 3673 4030 et
3701 3991 3852 4046 pon-

2193 4068 2304 4122 dus
2326 4067 2559 4122 adderet
2593 4086 2608 4135 ;
2640 4069 2889 4139 Atropos
2933 4068 3185 4138 denique
3241 4067 3324 4122 ita
3367 4067 3770 4130 conﬁrmaret,
3801 4068 3860 4119 et

2193 4155 2614 4223 constabiliret,
2646 4161 2709 4211 ut.
2740 4156 2958 4212 mutari
2991 4165 3045 4212 et
3105 4157 3313 4212 inverti
3375 4155 3535 4211 nullo
3586 4170 3856 4224 unquam

2199 4246 2372 4300 modo
2403 4250 2657 4316 possent.
2694 4247 2772 4300 Ex
2806 4262 2922 4317 quo
2981 4245 3178 4313 flebat,
3233 4249 3299 4300 ut
3357 4245 3404 4300 si
3436 4260 3644 4301 recens
3676 4248 3854 4297 natus

2193 4352 2339 4407 puer
2370 4336 2495 4391 fasc
2526 4335 2688 4392 fatali
2719 4337 2787 4392 ad
2823 4335 3098 4392 subulam
3130 4336 3404 4390 manibus
3448 4330 3850 4399 tractandam,

2191 4423 2276 4480 vel
2310 4425 2562 4480 cultrum
2596 4427 2909 4493 sutorium,
2941 4424 3029 4481 vel
3060 4425 3315 4496 denique
3361 4425 3525 4479 coria
3568 4424 3854 4478 dentibus

429 4533 791 4604 inspectione
823 4537 1300 4606 praedicerentur,
1324 4538 1474 4592 velut
1509 4538 1746 4594 circulis
1797 4543 1990 4597 aureis
2021 4541 2078 4598 in

2199 4515 2556 4570 extendenda
2577 4515 2906 4571 destinatus
2926 4513 3272 4584 esset,nullo
3288 4515 3460 4568 modo
3485 4513 3614 4569 fieri
3634 4517 3855 4584 posset,

430 4637 600 4676 nares
635 4622 889 4691 insertis,
923 4623 1527 4681 circumducerentur.

505 4710 855 4779 Hujusmodi
890 4719 1043 4766 certe
1077 4729 1240 4783 reges
1272 4713 1445 4768 simul
1469 4720 1525 4770 et
1548 4715 1756 4772 fallunt
1783 4721 1840 4773 et
1871 4718 2081 4776 fallun-

432 4803 711 4865 tur,cum
756 4815 823 4855 ea
879 4817 1004 4871 qua!
1065 4802 1233 4867 ﬁunt,
1295 4802 1495 4872 procul
1554 4821 1587 4859 a
1642 4806 1772 4871 Deo,
1833 4807 2079 4880 ejusque

431 4888 792 4960 providentia
823 4889 1126 4960 ablegant:
1157 4898 1331 4962 atque
1362 4891 1441 4946 ita
1473 4894 1724 4965 receptis
1765 4897 1914 4967 apud
1972 4915 2077 4954 nos

429 4977 736 5036 sententiis
769 4984 824 5034 et
853 4979 1142 5036 institutis
1204 4981 1680 5039 manifestissime
1726 4993 2074 5060 repugnent,

427 5069 589 5126 itaut
615 5070 892 5143 inlongos
921 5089 1149 5128 menses
1174 5073 1226 5128 id
1252 5073 1548 5139 ditferant,
1581 5076 1736 5146 quod
1781 5077 1870 5132 vel
1905 5078 2078 5136 hodie

428 5161 550 5216 ﬁeri
586 5167 810 5232 potest:
845 5178 913 5216 ex
947 5161 1170 5232 hocque
1231 5162 1357 5218 loco
1417 5164 1474 5218 in
1536 5163 1711 5219 alium
1755 5166 2074 5225 finitimum

429 5249 678 5308 subinde
710 5253 1118 5324 commigrent,
1153 5252 1250 5307 ubi
1273 5252 1346 5307 ad
1371 5270 1556 5325 pauca
1587 5254 1862 5311 horarum
1896 5257 2074 5314 inter-

499 5382 545 5418 ⁸³
575 5385 779 5441 Matth.
811 5402 934 5456 vm,
966 5386 1058 5457 29,
1133 5385 1180 5422 ⁸⁸
1209 5388 1330 5442 Act.
1364 5404 1480 5457 xw,
1512 5389 1604 5444 l7.
1679 5387 1726 5424 ³⁸
1759 5389 1906 5447 Ibid.
1942 5395 2029 5450 18.

2193 4603 2335 4674 quin
2371 4609 2554 4658 artem
2591 4603 2748 4658 illam
2810 4608 3120 4670 exerceret,
3177 4620 3300 4672 quae
3356 4601 3440 4658 illi
3499 4608 3659 4658 sorte
3711 4601 3857 4656 obti-

2186 4693 2474 4762 gerat,sed
2501 4706 2627 4748 eam
2666 4692 2767 4748 lati
2798 4693 3128 4764 fune,quasi
3157 4693 3386 4748 obtorto
3411 4691 3562 4747 collo
3596 4691 3855 4762 rapieba-

2187 4784 2305 4836 tur.

2833 4871 2912 4926 De
2941 4871 3198 4942 augurio.

2256 4995 2582 5067 Augurium
2644 4999 2842 5052 autem
2902 5001 2992 5052 est
3049 4997 3379 5052 futurorum
3471 4994 3855 5066 praesagium,

2185 5084 2342 5156 quod
2373 5085 2444 5140 ab
2475 5086 2667 5140 avium
2717 5087 2931 5151 volatu,
2995 5088 3216 5158 quiete,
3250 5089 3307 5140 et
3343 5086 3570 5156 garritu
3627 5083 3851 5154 colligi-

2184 5181 2299 5229 tur.
2360 5173 2491 5230 Fuit
2561 5175 2714 5230 enim
2792 5175 3106 5248 aliquando
3195 5174 3538 5245 hujusmodi
3619 5187 3849 5244 quoque

2183 5263 2338 5336 apud
2371 5263 2618 5335 Graecos,
2681 5269 2739 5320 et
2791 5264 2936 5321 alias
2993 5269 3194 5336 gentes
3251 5266 3586 5318 futurorum
3651 5262 3848 5316 obser-

649 5529 779 5611 ἔξεο
810 5528 1016 5611 spati-is
1046 5527 1518 5611 interlinearibus
1551 5529 1818 5611 intersita
1850 5534 2108 5605 fuerunt,
2141 5541 2314 5611 atque
2343 5539 2549 5598 litteris
2579 5541 2775 5598 rubris
2805 5546 3059 5598 exarata.

435 5637 442 5640 .
503 5593 614 5662 (57)
649 5595 720 5648 Ut
750 5593 1133 5664 praecedentia
1164 5600 1359 5657 rubris
1388 5606 1644 5659 exarata.
