4090 6192
262 355 406 414 1353

248 579 337 646 rit,
363 577 717 646 tandemque
741 573 913 628 etiam
935 572 1142 644 pennis
1166 573 1440 627 omnibus
1472 573 1734 627 deciduis
1765 591 1892 630 eva-

245 665 453 721 nuerit.

312 755 426 810 Nisi
466 755 615 825 forte
653 754 933 821 gallorum
986 753 1419 820 gallinaceorum
1450 752 1693 821 tripudia
1757 753 1890 807 soli-

245 845 434 907 stima,
451 859 478 912 q
491 843 652 896 uibus
668 840 721 894 in
737 841 926 895 Gallia
946 855 1067 894 vere
1084 839 1559 909 ineuntcpueriad
1571 839 1891 894 litterarum

243 932 417 986 studia
459 932 797 998 excitantur,
845 928 1210 996 auguriorum
1265 938 1576 983 ramentum
1626 927 1895 998 quoddam

248 1024 338 1085 sit,
370 1040 403 1076 a
434 1022 628 1076 Solone
665 1020 790 1090 jam
837 1019 972 1072 olim
1025 1017 1251 1072 Athenis
1307 1017 1628 1072 institutum
1647 1035 1667 1079 ;
1703 1022 1764 1071 ut
1814 1029 1897 1072 ta-

250 1127 395 1164 ceam
427 1109 602 1164 aniles
623 1110 852 1179 stryges,
877 1109 1135 1174 cornices,
1162 1106 1416 1174 bubones,
1443 1112 1551 1160 etc.

676 1234 752 1286 De
768 1233 1017 1303 fortuna.
1052 1231 1360 1301 [Appendix
1403 1230 1468 1303 1.]

323 1361 636 1414 Fortunam
695 1357 874 1412 Graeci
909 1358 1083 1411 rebus
1117 1358 1391 1411 omnibus
1447 1371 1694 1426 praeesse
1757 1372 1894 1410 cen-

253 1451 474 1517 sebant,
510 1448 769 1517 nihilque
804 1447 958 1511 boni,
993 1451 1094 1501 aut
1122 1451 1325 1500 eontra
1348 1488 1362 1510 ,
1396 1445 1521 1499 sino
1553 1445 1711 1500 illius
1746 1450 1891 1498 nutu

253 1539 578 1607 contingere
609 1537 940 1606 conjectura
973 1535 1379 1590 ducebantur:
1417 1535 1718 1604 multaque
1749 1537 1890 1588 adeo

252 1625 586 1680 hominibus
619 1625 689 1679 ab
724 1627 922 1679 eadem
957 1624 1041 1678 vel
1068 1626 1124 1678 in
1153 1623 1433 1677 utramvis
1468 1639 1665 1677 aurem
1693 1637 1893 1676 secure

251 1715 693 1776 dormientibus,
721 1730 823 1767 nec
846 1714 946 1767 ulli
978 1729 1211 1767 manum
1237 1712 1393 1782 operi
1419 1712 1886 1774 admoventibus,

249 1803 620 1876 quasidivina
646 1803 736 1872 (ut
756 1803 947 1868 aiunt)
972 1800 1575 1872 virgulasuppeditari
1601 1800 1884 1854 dicebant.
1919 1828 1964 1889 Β
1996 1823 2300 1891 dixissent,
2335 1800 2685 1882 οιράοηίεωί

249 1895 327 1948 Ex
356 1911 471 1964 quo
503 1893 776 1960 evenerit,
813 1898 876 1947 ut
905 1893 1248 1947 Timotheus
1301 1895 1474 1946 urbes
1497 1891 1575 1944 ita
1608 1891 1883 1959 subjuga-

251 1990 353 2048 ret,
386 1999 451 2036 ac
483 1983 530 2037 si
562 1983 793 2036 fortuna
818 1983 950 2036 illas
980 1981 1039 2035 in
1067 1981 1196 2050 ejus
1219 1985 1335 2035 rete
1357 1980 1692 2049 conjiceret,
1721 1978 1890 2048 eique

251 2071 559 2126 dormienti
593 2072 872 2125 traderet.

320 2160 546 2232 Appelli
577 2177 811 2231 quoque
843 2159 1046 2230 pictori
1081 2159 1192 2214 tale
1218 2159 1514 2229 quidpiam
1573 2156 1892 2227 contigisse

247 2251 454 2316 lerunt,
491 2255 553 2304 ut
582 2266 797 2320 equum
849 2249 1193 2304 bellicosum
1228 2250 1413 2304 ardua
1442 2253 1500 2302 et
1545 2251 1736 2303 erecta
1766 2262 1886 2301 cer-

245 2339 381 2407 vice,
417 2339 653 2393 arrectis
703 2339 963 2408 auribus,
1004 2339 1263 2393 cruentis
1312 2342 1370 2392 et
1422 2337 1655 2392 acribus
1703 2333 1889 2390 oculis

246 2429 341 2498 qui
399 2428 803 2499 spectantibus
836 2429 1027 2482 furere
1061 2427 1345 2482 currendo
1384 2427 1697 2492 videretur,
1729 2424 1888 2495 pedi-

247 2519 352 2571 bus
415 2518 473 2572 in
527 2533 719 2572 aerem
771 2518 1046 2584 sublatis,
1097 2521 1430 2586 terramque
1478 2515 1741 2569 vicissim
1800 2514 1891 2568 vix

243 2605 540 2660 tantillum
575 2605 994 2670 delibantibus,
1051 2604 1252 2675 auriga
1285 2605 1480 2659 frenos
1530 2604 1889 2665 moderante,

245 2699 301 2748 et
358 2694 634 2749 bellicum
703 2696 837 2765 equi
898 2693 1182 2750 insultum
1249 2693 1494 2750 habenis
1569 2697 1888 2760 coercente,

256 2783 602 2854 depinxerit.
635 2784 898 2855 Cumque
930 2786 1122 2855 imago
1154 2785 1330 2839 rebus
1361 2784 1636 2839 omnibus
1679 2797 1888 2837 conve-

247 2870 544 2926 nientibus
595 2872 884 2927 instructa
943 2877 1112 2936 esset,
1166 2888 1300 2927 eum
1357 2888 1582 2943 spuma:
1639 2870 1888 2925 colorem

249 2959 513 3030 reliquit,
558 2960 653 3032 qui
699 2977 766 3016 ex
813 2961 1088 3016 continua
1119 2961 1426 3032 sanguinis
1457 2967 1513 3016 et
1544 2977 1707 3031 aqua:
1741 2974 1892 3012 com-

254 3049 529 3104 mistione
577 3051 733 3104 cerui
766 3056 984 3122 posset,
1035 3067 1165 3105 cum
1221 3049 1512 3104 anhelitus
1554 3049 1789 3119 quidem
1821 3063 1888 3102 ex

245 3153 346 3191 ore
377 3154 586 3208 aquam
638 3141 1026 3208 protruderet,
1077 3143 1251 3209 atque
1295 3139 1504 3209 spiritu
1555 3137 1797 3192 reﬂante
1827 3137 1884 3191 in

237 3244 511 3297 spumam
581 3230 856 3284 violentia
937 3229 1080 3284 freni
1161 3232 1452 3283 irrotaret.
1528 3228 1671 3282 Cum
1749 3243 1884 3298 ergo

223 3317 353 3384 jam
409 3317 478 3371 de
532 3319 762 3387 pictura
814 3318 1106 3373 dubitaret
1137 3323 1381 3389 spongia
1411 3335 1527 3388 qua
1567 3317 1882 3388 depingen-

237 3405 313 3458 do
369 3407 666 3477 utebatur,
727 3407 945 3461 circum
1014 3408 1208 3461 frenos
1281 3408 1501 3461 traxit:
1562 3423 1688 3478 quae
1747 3423 1882 3461 cum

237 3494 459 3549 multos
519 3495 740 3549 colores
797 3511 1017 3564 spuma:
1080 3512 1194 3550 non
1265 3495 1563 3551 absimiles
1623 3495 1880 3560 referret,

233 3583 532 3653 picturam
595 3600 699 3636 suo
755 3583 920 3637 facile
969 3583 1157 3638 colore
1204 3585 1510 3639 decoravit.
1560 3587 1747 3655 Atque
1805 3584 1885 3638 ita

233 3673 391 3741 quod
428 3670 658 3725 volebat
717 3671 969 3741 Apelles,
1002 3689 1117 3728 non
1172 3678 1293 3728 arte
1338 3674 1418 3740 id,
1463 3674 1563 3728 sed
1601 3674 1745 3728 forte
1777 3675 1885 3727 for-

232 3765 382 3814 tuna
411 3760 672 3829 perfecit.

315 3849 630 3903 Fortunam
681 3865 812 3904 vero
861 3851 1074 3905 statuis
1128 3851 1301 3905 etiam
1349 3850 1733 3917 honorabant,
1777 3866 1885 3920 gu-

238 3938 549 3993 bernaculo
596 3939 755 3993 navis
812 3940 1081 3994 manibus
1133 3941 1256 4010 ejus
1300 3941 1594 4011 imposito,
1652 3946 1715 3994 ut
1757 3957 1883 4009 quae

226 4043 426 4082 rerum
483 4027 919 4083 universitatem
982 4030 1399 4097 moderaretur,
1445 4029 1542 4083 alii
1593 4028 1883 4082 novaculae

229 4118 810 4188 superimponebant,
887 4135 1178 4189 prosperae
1240 4119 1484 4172 fortunas
1539 4117 1880 4171 brevitatem

227 4206 672 4277 significantes:
707 4207 803 4261 alii
848 4208 1108 4277 sphaerae,
1157 4223 1259 4261 seu
1321 4205 1518 4276 globo,
1552 4208 1689 4275 quia
1721 4203 1886 4258 facile

227 4299 563 4350 mutaretur
603 4311 617 4348 :
666 4295 765 4350 alii
814 4295 1002 4350 eidem
1044 4311 1223 4350 cornu
1277 4294 1597 4349 Amalthea;
1647 4294 1882 4365 plenum

226 4390 580 4455 scatensque
633 4385 918 4439 fructibus
952 4401 1069 4455 prae
1110 4385 1386 4439 manibus
1437 4385 1676 4451 dabant,
1730 4383 1886 4454 quod

224 4475 508 4530 Hercules
549 4473 820 4541 Acheloo,
858 4490 1100 4528 manum
1135 4491 1264 4528 cum
1301 4473 1396 4527 illo
1422 4489 1758 4537 conserens,
1790 4473 1886 4526 de-

226 4529 521 4618 traxerat:
559 4563 666 4616 hoc
709 4529 871 4630 signo
918 4563 1251 4618 felicitatem
1308 4562 1574 4630 fortuna},
1635 4563 1878 4632 ejusque
1920 4544 1961 4606 Ῑ)
1997 4529 2036 4632 1⁷1

233 4666 554 4706 munerum
602 4651 839 4707 delicias
889 4653 1264 4708 denotabant.
1322 4651 1435 4708 Nec
1477 4652 1735 4719 deerant,
1783 4651 1883 4721 qui

234 4756 409 4796 arma
439 4740 650 4795 dextrae
681 4741 832 4810 ejus,
873 4749 925 4796 et
977 4745 1270 4813 sceptrum
1323 4741 1573 4796 sinistras
1627 4741 1884 4810 impone-

236 4834 395 4895 rent,
430 4829 741 4884 innuentes
784 4830 892 4884 hoc
935 4835 1102 4901 pacto
1156 4828 1447 4884 bellicosis
1496 4827 1635 4884 viris
1687 4845 1884 4900 regna,

237 4918 697 4988 forensibusque
737 4919 894 4990 leges
939 4923 994 4973 et
1039 4919 1262 4986 judicia
1315 4917 1592 4973 beneﬁcio
1643 4918 1887 4972 fortunae

233 5007 538 5062 obvenire.
571 5008 700 5062 Haec
731 5014 789 5062 et
836 5008 949 5063 alia
998 5008 1334 5078 hujusmodi
1366 5008 1437 5062 ab
1487 5008 1558 5061 iis
1591 5008 1885 5079 confinge-

236 5097 484 5162 banlur,
519 5096 618 5166 qui
651 5098 894 5152 fortunae
926 5097 1172 5168 imperio
1205 5113 1414 5166 corpus
1469 5097 1571 5150 hoc
1607 5096 1891 5152 universi—

236 5182 390 5236 tatis
413 5183 825 5251 subjiciebant.

318 5326 440 5381 35.37
473 5328 673 5383 Ezech.
719 5345 817 5396 vn,
847 5329 937 5384 23.

325 5481 442 5565 (ﬁt?)
477 5480 687 5565 Quales
711 5485 809 5565 qui
843 5481 1034 5565 If‘oleti
1056 5482 1342 5565 vu_lgo,'de
1365 5480 1903 5565 quibuleardanu‘s

241 5554 310 5606 in
352 5551 454 5608 lib.
491 5553 562 5607 De
589 5551 920 5608 subtilitate.
970 5554 1198 5624 nguin.
1237 5554 1334 5608 lib.
1386 5553 1457 5606 De
1508 5552 1724 5607 ηοὺὶἱίι.
1763 5571 1798 5608 ι.
1838 5555 1901 5608 lli

237 5624 396 5678 olim
432 5627 764 5696 frequentes
799 5625 856 5679 in
892 5625 1215 5680 Armorica.

583 5745 848 5803 PATROL.
898 5745 1005 5803 Gs.
1052 5742 1363 5804 CXXXIX.

1596 352 1990 417 THESAURI
2020 358 2166 418 LIB.
2216 361 2312 421 IV.

252 487 419 554 vatio,
453 484 686 540 etiamsi
721 484 937 538 nostris
971 483 1330 554 temporibus
1359 500 1598 554 prorsus
1642 487 1899 542 avolave-
1925 492 1977 556 Α

3503 373 3657 434 1354

2606 499 2677 552 De
2705 501 3053 557 cledonismo.

2079 583 2254 635 Porro
2286 583 2702 656 cledonismus,
2728 605 2828 644 seu
2862 593 3247 663 sortilegium,
3282 597 3474 668 magni
3504 612 3647 666 pon-

2009 667 2164 722 doris
2198 676 2339 736 erat,
2395 675 2546 741 apud
2592 676 2854 732 Hebraeos
2899 679 2955 733 in
3012 681 3238 751 primis.
3277 684 3520 738 Proinde
3551 701 3655 754 per

2009 757 2352 827 praphetam
2407 761 2691 818 Dominus
2721 767 2801 820 sic
2837 767 2918 821 ait
2953 785 2965 822 :
3031 770 3202 839 Regio
3255 782 3444 827 vestra
3487 773 3655 843 plena

2008 853 2094 896 est
2127 844 2503 904 cledonismis
2548 851 2683 903 3'5'37.
2733 855 3012 910 Dicuntur
3063 866 3259 914 autem
3303 861 3650 916 cledonismi

2007 947 2270 989 rumores
2303 935 2404 1002 illi,
2464 955 2710 1009 quorum
2765 950 2960 998 certus
2993 952 3194 1000 auctor
3241 949 3498 1018 expromi
3533 966 3644 1004 non

2009 1025 2217 1090 potest,
2269 1025 2367 1078 sed
2422 1027 2520 1095 qui
2572 1045 2673 1097 per
2717 1046 2799 1096 se,
2850 1036 2907 1086 et
2956 1037 3018 1086 ut
3061 1034 3139 1087 ita
3195 1035 3410 1100 dicam,
3442 1042 3649 1106 sponte

2006 1109 2220 1179 oppida
2251 1117 2306 1166 ct
2359 1115 2530 1169 urbes
2562 1116 3052 1187 circumvolitant,
3084 1128 3138 1176 et
3189 1124 3399 1192 passim
3443 1140 3644 1178 eorum

2006 1195 2222 1268 aliquid
2263 1200 2656 1272 insusurrant,
2692 1223 2818 1275 quas
2850 1211 3189 1274 aversanda,
3226 1211 3310 1265 vel
3335 1213 3504 1266 etiam
3544 1214 3648 1267 mi-

2004 1287 2160 1342 nime
2189 1288 2330 1345 talia
2355 1297 2510 1346 sunt.
2538 1293 3109 1369 Quicumqueligitur
3140 1317 3403 1355 rumores
3436 1300 3641 1372 hujus-

2006 1379 2182 1445 modi,
2218 1381 2303 1435 vel
2335 1382 2507 1437 etiam
2541 1385 2796 1439 triviales
2831 1403 3013 1459 nugas
3045 1391 3422 1461 adnotabant,
3455 1410 3642 1464 eoque

2004 1466 2450 1538 detorquebant,
2483 1488 2608 1541 quae
2640 1474 2751 1528 sibi
2783 1476 2927 1544 ipsis
2959 1479 3183 1547 agenda
3206 1486 3389 1544 erant,
3421 1496 3639 1536 rerum-

2004 1575 2115 1628 que
2161 1561 2306 1615 adeo
2364 1562 2624 1632 ipsarum
2679 1566 2916 1632 exitum,
2976 1585 3087 1622 non
3137 1586 3269 1624 eum
3303 1575 3401 1640 qui
3435 1574 3644 1628 divinae

2004 1648 2374 1716 providentia
2407 1650 2680 1720 placeret,
2730 1655 2828 1707 sed
2879 1671 3052 1724 quem
3108 1675 3367 1713 rumores
3427 1661 3640 1729 hujus-

2004 1735 2180 1794 modi,
2216 1739 2764 1809 occurrentiumque
2806 1739 3111 1796 hominum
3161 1762 3459 1800 sermones
3498 1767 3644 1816 grv-

2735 1829 3100 1885 dicebantur.
3135 1833 3277 1886 Aliis
3310 1851 3412 1903 per
3438 1834 3640 1890 cledo-

1998 1912 2256 1966 nismum
2313 1913 2797 1985 interrogationes
2855 1918 2984 1972 illas
3037 1920 3360 1992 intelligere
3403 1923 3642 1993 placuit,

1997 2000 2214 2069 quibus
2257 2000 2660 2072 κριθομᾶντεις,
2708 2004 2814 2059 hoc
2872 2012 2959 2061 est
3017 2007 3309 2063 hordearii
3363 2017 3546 2076 vates,
3591 2019 3648 2067 et

1997 2089 2384 2162 γαστρίμυθοι,
2434 2092 2542 2146 hoc
2602 2098 2692 2148 est
2749 2095 3123 2166 ventriloqui,
3185 2097 3641 2153 consulebantur

1997 2179 2326 2251 quibusque
2401 2181 2571 2237 iidem
2642 2183 2916 2238 vaticinia
2993 2201 3097 2239 sua
3155 2188 3570 2256 expromebant
3626 2205 3639 2243 :

1998 2271 2497 2340 quemadmodum
2549 2269 3017 2346 ἀποτροπιασμοὶ,
3080 2291 3180 2329 seu
3239 2277 3386 2330 mala
3445 2277 3640 2332 omina

1997 2358 2294 2426 dicuntur,
2338 2363 2384 2415 si
2419 2362 2512 2432 qui
2551 2363 2646 2416 ubi
2683 2364 2936 2433 primum
2965 2381 3236 2435 egressus
3260 2371 3368 2433 est,
3404 2367 3641 2436 pedem-

1998 2464 2112 2516 que
2162 2449 2332 2503 dumo
2383 2451 2586 2505 etl‘erre
2625 2454 2819 2522 cmpit,
2855 2456 3039 2506 atrato
3071 2451 3297 2508 homini
3355 2461 3640 2518 occurrat,

1996 2536 2081 2589 vel
2114 2537 2208 2590 alii
2243 2537 2494 2607 cuipiam
2532 2539 2634 2604 rei,
2669 2541 2838 2610 cujus
2865 2545 3134 2611 aspectus
3180 2543 3348 2597 nobis
3384 2543 3641 2599 insuavis

2001 2632 2052 2679 et
2079 2625 2438 2695 injucundus
2460 2645 2588 2683 esse
2619 2627 2787 2685 solet.

2249 2736 2425 2790 Plura
2463 2735 2528 2790 de
2569 2737 2929 2792 cledonismo.
2965 2740 3277 2810 [Appendix
3313 2741 3396 2812 11.]

2075 2841 2172 2894 Est
2200 2842 2356 2896 enim
2405 2841 2828 2908 cledonismus,
2863 2844 3172 2910 malorum,
3209 2852 3268 2900 ut
3305 2847 3385 2900 ita
3425 2848 3638 2915 dicam,

1998 2929 2333 2984 daemonum
2380 2931 2688 2997 invocatio,
2721 2950 2846 3003 quas
2883 2941 3005 2987 tum
3043 2935 3472 3004 perﬁciebatur,
3504 2952 3634 2991 cum

1997 3017 2084 3071 sol
2118 3034 2150 3072 a
2178 3019 2619 3088 septentrionali
2651 3019 2882 3075 climate
2899 3021 3192 3075 austrinas
3224 3023 3294 3076 ad
3333 3032 3518 3093 partes
3551 3039 3640 3077 se-

1999 3106 2258 3171 cedebat,
2295 3123 2410 3176 quo
2440 3110 2703 3178 tempore
2733 3108 2858 3164 dies
2888 3108 3122 3179 quidem
3169 3110 3468 3179 minuitur,
3528 3128 3638 3166 nox

1918 3185 1960 3250 C
2000 3203 2192 3250 autem
2215 3196 2499 3265 augescit.

2065 3284 2214 3338 Sunt
2244 3300 2415 3355 porro
2455 3285 2720 3340 nonnulli
2752 3303 2986 3357 quoque
3017 3288 3333 3358 daemones,
3367 3293 3431 3343 ut
3473 3294 3637 3344 vetus

1993 3375 2254 3442 quaedam
2319 3375 2575 3444 perbibet
2630 3376 2848 3444 opinio,
2908 3377 3009 3448 qui
3067 3380 3634 3446 materiaconstent,

1994 3478 2098 3516 nec
2131 3463 2272 3517 solis
2317 3465 2511 3518 radios
2542 3464 2901 3520 intueantur.
2954 3465 3031 3519 Ex
3073 3483 3188 3536 quo
3221 3467 3304 3535 ﬁt,
3353 3475 3414 3522 ut
3465 3474 3634 3523 noctu

1993 3550 2240 3606 insidias
2283 3553 2620 3607 hominibus
2663 3559 2919 3621 struant,
2976 3571 3105 3609 cum
3166 3555 3442 3622 interdiu,
3490 3557 3634 3609 nihil

1995 3654 2164 3710 agere
2226 3642 2451 3710 possint
2511 3641 2645 3711 (58).
2701 3643 2831 3697 Sole
2889 3643 3090 3713 igitur,
3137 3648 3199 3696 ut
3242 3643 3520 3707 diximus,
3561 3645 3632 3697 ad

1993 3732 2261 3782 austrum
2297 3735 2590 3800 vergente,
2643 3747 2758 3801 quo
2812 3738 3067 3801 tempore
3114 3748 3211 3784 aer
3261 3730 3427 3784 nobis
3459 3731 3641 3784 conti-

1993 3832 2142 3886 guus
2175 3817 2422 3887 caligine
2457 3824 2692 3887 propter
2726 3818 2976 3872 hiemem
3011 3819 3353 3872 condensari
3386 3819 3635 3885 videtur,

1995 3910 2132 3959 tunc
2164 3905 2507 3972 huiusmodi
2539 3907 2830 3960 daemones
2871 3905 3117 3960 saltibus
3149 3911 3206 3960 et
3245 3909 3633 3963 subsultatio-

1997 3995 2170 4048 nibus
2229 3994 2585 4062 quibusdam
2631 3994 2897 4063 nequitiae
2945 4011 3065 4049 sua:
3106 3997 3395 4064 specimen
3429 3999 3639 4066 edunt,

1996 4080 2116 4134 illis
2148 4081 2322 4134 etiam
2367 4081 2792 4149 spectantibus,
2843 4099 2875 4136 a
2905 4084 3120 4153 quibus
3169 4084 3418 4140 invocati
3469 4093 3630 4142 sunt.

1996 4168 2103 4233 Qui
2154 4169 2202 4223 si
2235 4170 2435 4238 epodis
2468 4169 2598 4224 illos
2639 4172 2708 4224 ad
2743 4187 2806 4225 se
2840 4172 3107 4241 pellicere
3156 4182 3467 4244 nequeant,
3502 4176 3633 4245 igne

1996 4256 2151 4311 velut
2204 4259 2260 4311 in
2294 4258 2490 4312 orbem
2525 4260 2948 4323 circumducto,
2987 4263 3176 4317 media
3209 4281 3238 4318 e
3270 4263 3508 4319 flamma
3539 4283 3635 4320 ex-

1997 4345 2223 4400 siliunt.
2269 4348 2554 4402 Feruntur
2611 4349 2767 4403 enim
2817 4351 3145 4421 superiores
3201 4352 3443 4408 virtutes
3498 4371 3632 4410 cum

1996 4433 2335 4490 hominibus
2367 4452 2508 4506 pure
2553 4443 2609 4491 et
2665 4439 2892 4493 sincere
2945 4457 3055 4494 non
3105 4443 3456 4506 conversari,
3491 4459 3633 4511 quo-

2043 4541 2103 4578 es
2136 4540 2232 4578 aer
2289 4525 2463 4595 capiti
2517 4531 2716 4582 nostro
2775 4528 3085 4600 contiguus
3117 4529 3366 4601 caligine
3399 4532 3634 4586 obduci-

1997 4618 2112 4678 tur,
2146 4623 2197 4666 et
2252 4613 2627 4670 incrassescit
2678 4617 2856 4687 quod,
2890 4618 2947 4671 in
3006 4634 3180 4673 causa
3211 4624 3320 4688 est,
3376 4625 3436 4674 ut
3470 4621 3632 4676 illum

1996 4701 2131 4772 igne
2156 4709 2480 4774 expurgant
2509 4704 2639 4774 (59).

2546 4811 2620 4864 De
2649 4811 3104 4868 lecanomanteia.

2074 4919 2149 4969 De
2208 4915 2667 4972 lecanomanteia
2718 4935 2866 4985 vero,
2929 4935 3030 4974 seu
3085 4921 3460 4989 divinatione,
3510 4938 3637 4991 qua:

2002 5003 2149 5073 pelvi
2211 5005 2529 5075 peragitur,
2600 5007 2718 5060 haac
2773 5024 3006 5077 quoque
3054 5013 3191 5063 sunt
3251 5027 3284 5064 a
3341 5010 3641 5064 nonnullis

2005 5093 2233 5147 tradita.
2287 5099 2514 5164 Aquam
2577 5095 2836 5164 quidem,
2897 5112 3021 5166 quae
3082 5097 3228 5165 pelvi
3285 5098 3638 5166 infunditur,

2006 5182 2338 5237 substantia
2379 5199 2751 5253 nequaquam
2785 5183 3010 5238 differre
3051 5201 3083 5238 a
3124 5187 3340 5241 caeteris
3380 5188 3643 5257 ejusdem

2087 5485 2200 5558 (59,)
2249 5485 2382 5548 Quae
2417 5484 2510 5558 hic
2563 5486 2632 5540 de
2663 5487 3029 5558 daemonibus
3065 5505 3249 5558 pauca
3299 5490 3654 5558 delibantur,

2015 5555 2287 5634 pluribus
2320 5574 2352 5611 a
2382 5557 2661 5634 Michaele
2682 5557 2957 5634 _P_sello_in
2983 5555 3083 5634 lib}
3110 5561 3182 5614 De
3201 5561 3513 5634 dazgnonum
3533 5555 3656 5634 ope-

2015 5630 2248 5696 ratione,
2279 5629 2647 5700 explicantur
2681 5629 3042 5700 [Patrologiae
3073 5637 3211 5687 tom.
3247 5632 3480 5703 CXXII.]

3263 5752 3340 5808 43
