4058 6212
262 374 394 439 1357

1579 369 1973 431 THESAURI
2010 371 2164 432 LIB.
2211 371 2309 433 ιν.

3499 380 3656 439 i358

259 512 551 567 Grassante
598 524 767 579 porro
815 506 1215 579 persecutione
1265 506 1374 562 sub
1431 504 1785 560 Diocletiano
1834 509 1889 560 et
1917 507 1971 576 Α
2001 521 2099 561 ero
2136 522 2371 564 munere
2404 509 2743 580 fungantur,
2777 510 3066 565 secundas
3100 514 3295 567 tamen
3327 514 3400 567 ab
3432 511 3550 567 illis
3576 519 3656 570 te-

258 600 603 662 Maximiano,
653 597 746 652 hic
789 612 1023 667 quoque
1072 612 1189 652 una
1241 611 1370 650 cum
1423 610 1590 650 sacro
1641 599 1892 665 martyre

259 692 406 747 Petro
437 693 493 745 et
525 688 655 744 aliis
687 689 1039 757 quibusdam
1073 686 1534 755 comprehensus
1562 691 1672 740 est.

312 779 385 834 Ad
411 778 515 834 hos
579 782 773 834 autem
802 776 1135 832 carceribus
1166 774 1490 830 etiamnum
1545 773 1812 829 detentus
1860 788 1891 826 e

255 866 465 924 clericis
499 865 784 930 nonnulli,
819 865 918 936 qui
957 862 1379 935 persecutionis
1427 867 1690 933 tempore
1738 860 1889 931 lapsi

254 955 726 1020 sacrificaverunt,
758 971 819 1009 se
851 951 1245 1017 contulerunt,
1281 952 1541 1021 petentes
1574 956 1637 1004 ut
1664 951 1735 1004 ad
1795 966 1885 1004 sae

251 1042 373 1099 lctis
404 1043 558 1099 viam
582 1044 949 1114 paenitudine
981 1040 1205 1112 regredi
1232 1040 1344 1094 sibi
1374 1038 1597 1095 liceret.
1632 1038 1887 1094 Melitius

252 1134 452 1203 itaque,
486 1132 685 1195 Peius,
716 1136 773 1185 et
803 1131 1024 1201 aliquot
1061 1129 1181 1193 alii,
1211 1130 1375 1183 nefas
1415 1144 1545 1183 esse
1592 1125 1886 1192 dicebant,

253 1228 308 1277 ut
338 1222 434 1292 qui
466 1222 539 1277 ad
569 1226 894 1276 extremum
936 1233 1125 1288 usque
1174 1233 1286 1271 non
1337 1216 1738 1281 dimicassent,
1784 1214 1885 1268 sed

251 1308 629 1382 persecutioni
687 1306 1137 1363 succumbentes
1216 1304 1668 1371 sacriﬁcassent,
1746 1306 1887 1365 tunc

249 1397 512 1469 temporis
549 1396 1021 1452 admitterentur.
1056 1394 1216 1457 Quod
1245 1394 1294 1448 si
1338 1392 1743 1463 persecutione
1790 1408 1883 1447 se.

250 1489 372 1543 data
438 1487 695 1542 fructum
759 1484 1102 1556 paenitentia
1171 1482 1412 1552 dignum
1487 1480 1883 1545 ostenderent,

246 1580 374 1631 tunc
402 1579 458 1630 et
486 1568 886 1631 scelesiastico
918 1572 1114 1637 cmtui,
1148 1577 1207 1626 at
1266 1587 1380 1624 non
1432 1570 1569 1624 item
1618 1568 1884 1639 pristinis

245 1664 571 1734 honoribus,
640 1663 1111 1719 restituerentur.
1188 1658 1612 1715 Sanctissimae
1683 1666 1886 1715 contra

245 1760 456 1819 Petrus,
496 1758 558 1808 ut
591 1753 694 1823 qui
739 1752 811 1809 ad
867 1749 1329 1807 misericordiam
1373 1751 1583 1803 natura
1634 1763 1883 1818 propen-

2000 598 2194 657 neant,
2255 611 2401 666 quos
2457 595 2781 651 Alexander
2851 596 3209 653 initiaverit:
3271 608 3324 654 et
3385 616 3456 655 ne
3512 600 3663 657 ullos

1998 681 2251 749 initient,
2286 683 2428 739 iisve
2460 685 2807 740 clericorum
2842 688 3080 740 nomina
3113 688 3453 757 subjiciant,
3493 691 3663 745 deni-

1997 787 2113 841 que
2145 771 2288 827 nihil
2320 774 2645 845 quidquam
2679 774 2737 829 in
2768 775 2928 829 hisee
2953 776 3126 831 rebus
3152 781 3464 834 attentent.
3493 779 3657 842 Quod

1996 860 2179 933 siqui
2214 862 2686 921 illorumevivis
2743 871 3032 932 exuerant,
3095 871 3235 922 tunc
3297 868 3354 922 hi
3417 870 3488 924 ad
3554 870 3657 925 de-

1996 950 2327 1006 functorum
2385 952 2663 1008 honorem
2704 953 3117 1024 provehantur.

2067 1047 2172 1102 His
2203 1047 2359 1103 hunc
2393 1050 2451 1103 in
2486 1051 2723 1105 modum
2756 1051 3039 1117 definitis,
3072 1052 3329 1107 Melitius
3381 1054 3654 1124 quidem,

1998 1141 2061 1190 ut
2092 1138 2172 1191 ait
2199 1137 2607 1200 Theodoritus,
2632 1138 2775 1193 nihil
2802 1140 3120 1208 innovavit,
3150 1145 3208 1195 at
3231 1158 3299 1197 ex
3321 1143 3451 1211 ejus
3474 1143 3650 1199 disci-

1997 1224 2148 1295 pulis
2181 1227 2470 1292 nonnulli,
2509 1243 2643 1282 eum
2676 1228 2945 1284 haeresim
2969 1231 3243 1285 Arianam
3267 1232 3651 1288 asubsecutis

1995 1312 2448 1383 imperatoribus
2480 1316 2884 1373 conﬁrmatam
2926 1319 3212 1383 viderent,
3246 1319 3320 1373 ad
3370 1336 3496 1375 eam
3548 1322 3648 1375 de-

1993 1401 2298 1471 ﬂexerunt,
2335 1403 2432 1459 alii
2464 1420 2598 1460 cum
2653 1421 2753 1476 pro
2801 1406 3046 1461 libidine
3088 1408 3268 1462 vitam
3320 1407 3647 1477 instituere,

1993 1507 2099 1546 nec
2131 1493 2261 1547 aliis
2292 1493 2506 1564 subjici
2536 1494 2771 1561 vellent,
2806 1511 3037 1550 omnem
3071 1496 3311 1552 omnino
3356 1514 3489 1554 cum
3541 1500 3645 1554 Ec-

1992 1579 2162 1635 clesis
2194 1597 2545 1637 consensum
2593 1584 3103 1640 detractaverunt:
3155 1588 3212 1640 et
3260 1590 3542 1657 tanquam
3598 1590 3648 1643 si

1991 1668 2112 1723 suis
2144 1669 2374 1742 legibus
2402 1671 2661 1726 viverent
2694 1672 2939 1727 ridicula
2969 1677 3261 1745 quaedam,
3295 1675 3497 1747 qualia
3513 1684 3649 1732 sunt

1993 1758 2134 1825 haec,
2195 1759 2455 1831 quotidie
2496 1777 2709 1832 corpus
2776 1779 2928 1832 aqua
3004 1764 3289 1834 proluere,
3360 1780 3644 1821 manuum

241 1859 336 1939 sus
376 1846 550 1909 esset,
607 1841 699 1897 his
743 1849 1164 1911 commartyres
1215 1837 1341 1893 suis
1385 1836 1577 1892 verbis
1621 1837 1874 1891 obtesta.
1911 1864 1957 1939 Β
1992 1847 2199 1916 plausu
2234 1849 2607 1920 quadamque
2665 1849 2977 1905 sanatione
3030 1850 3279 1922 hymnos
3332 1852 3643 1920 modulari,

238 1931 404 1991 batur
430 1947 442 1986 :

304 2032 426 2095 Eos,
460 2047 493 2086 o
526 2031 753 2098 fratres,
816 2027 1293 2100 quandoquidem
1355 2025 1717 2098 pmnitudine
1766 2025 1877 2080 du-

239 2126 462 2186 cuntur,
496 2120 877 2176 admittamus
911 2135 1016 2173 nec
1046 2118 1217 2173 cleris
1251 2118 1377 2172 suis
1429 2116 1758 2187 spoliemus,
1804 2131 1877 2169 ne

238 2210 412 2281 pudor
442 2209 675 2263 tandem
723 2212 780 2263 et
826 2207 1152 2277 desperatio
1202 2205 1331 2261 illos
1384 2205 1468 2260 ita
1514 2217 1875 2260 transversos

234 2298 301 2353 ad
333 2300 529 2369 pejora
560 2296 768 2368 rapiat,
797 2302 861 2351 ut
893 2295 1122 2355 nullum
1155 2294 1364 2351 salutis
1396 2294 1721 2351 remedium
1774 2310 1874 2347 su-

233 2386 428 2457 persit.
490 2386 672 2457 Igitur
728 2387 911 2441 oratio
969 2388 1124 2441 Petri
1184 2386 1255 2441 ad
1316 2383 1771 2441 misericordiam
1819 2388 1876 2437 et

232 2474 680 2542 humanitatem,
716 2474 921 2530 Melitii
951 2491 1085 2528 vero
1116 2478 1171 2528 et
1218 2477 1562 2530 cieterorum
1604 2472 1673 2527 ad
1724 2471 1874 2526 invi-

228 2564 380 2619 diam
407 2567 463 2617 et
493 2564 743 2631 rigorem
778 2562 1121 2617 inclinabat.

295 2663 435 2715 Cum
475 2660 671 2731 itaque
701 2659 831 2714 illos
863 2661 923 2713 Β.
958 2659 1163 2714 Petrus
1194 2676 1228 2713 a
1258 2658 1552 2713 sententia
1592 2674 1662 2712 ne
1690 2656 1869 2712 latum

226 2747 466 2819 quidem
503 2764 755 2819 unguem
788 2746 1091 2802 deflectere
1118 2745 1263 2803 velle
1292 2747 1534 2813 videret,
1572 2746 1761 2801 medio
1815 2747 1873 2800 in

227 2852 457 2891 carcere
513 2835 758 2891 lodicem
826 2851 929 2890 seu
990 2833 1256 2905 pallium,
1335 2833 1482 2905 septi
1561 2834 1873 2902 cujusdam

223 2925 427 2991 instar,
452 2925 747 2995 expandit,
776 2924 1019 2979 diacono
1044 2923 1585 2993 proclamarejusso
1614 2939 1628 2977 :
1658 2922 1876 2986 Quibus

227 3029 359 3068 mea
388 3012 676 3068 sententia
706 3013 941 3080 arridet,
986 3011 1023 3065 ii
1074 3013 1145 3067 ad
1202 3027 1292 3066 me
1341 3015 1668 3066 transeunt.
1723 3012 1875 3066 Tum

225 3118 360 3157 vero
393 3103 595 3173 paucis
654 3102 971 3156 admodum
1027 3101 1097 3156 ad
1152 3105 1383 3155 Petrum
1436 3102 1876 3156 transeuntibus

222 3191 449 3261 reliqua
478 3192 938 3263 episcorporum,
964 3189 1457 3262 presbyterorum,
1481 3194 1537 3245 et
1560 3190 1875 3244 monacho-
1909 3232 1952 3303 Ο

225 3296 349 3303 ..--...
409 3280 716 3303 uultu“)-
781 3295 905 3303 Α.-.-
994 3278 1203 3303 ιι-ιειε..
1274 3278 1487 3303 ..υ----ει
1591 3278 1869 3303 ΠΗςιΑ-...κ

225 3296 353 3336 rum
409 3280 720 3335 multitudo
778 3295 911 3334 cum
994 3278 1206 3337 Melitio
1274 3278 1508 3333 mansit.
1590 3278 1872 3334 Caeterum

226 3374 614 3441 posteaquam
670 3368 1050 3424 beatissimus
1094 3368 1301 3422 Petrus
1353 3366 1618 3438 martyrii
1667 3384 1881 3423 corona

221 3459 534 3515 redimitus
593 3463 705 3523 est,
765 3460 1011 3529 ejusque
1068 3457 1191 3512 sedi
1264 3457 1524 3513 Achillas
1596 3457 1877 3529 primum,

223 3547 439 3603 deinde
466 3548 797 3603 Alexander
826 3548 1127 3614 successit,
1190 3545 1443 3601 Melitius
1503 3553 1561 3601 et
1619 3545 1881 3617 plerique

215 3634 317 3691 alii
352 3636 797 3706 exsularejussi
831 3640 990 3692 sunt.
1026 3638 1088 3690 In
1121 3634 1371 3706 singulis
1392 3639 1588 3689 autem
1614 3633 1758 3690 locis
1778 3649 1881 3705 per

217 3740 351 3795 qua;
387 3724 643 3782 Melitius
675 3741 808 3780 cum
843 3725 1252 3788 abduceretur,
1300 3724 1411 3781 iter
1467 3725 1699 3788 laceret,
1762 3721 1876 3792 pri-

214 3819 392 3869 vatus
419 3814 708 3870 Ecclesiae
745 3816 1103 3881 exstruebat,
1154 3813 1599 3884 episcoposque,
1648 3813 1880 3883 presby-

218 3907 408 3972 teros,
461 3911 513 3959 et
573 3904 850 3959 diaconos
912 3901 1346 3957 constituebat:
1398 3901 1499 3969 qui
1552 3905 1876 3971 martyrum

222 4008 462 4064 quoque
491 3992 757 4047 Ecclesiae
790 4009 851 4046 se
887 3992 1141 4046 membra
1178 3991 1444 4061 professi,
1477 4005 1613 4043 cum
1655 3990 1727 4042 iis
1782 4004 1880 4042 ne-

223 4098 530 4155 quaquam
562 4080 1095 4142 communicabant,
1128 4077 1228 4148 qui
1258 4077 1572 4132 Catholicis
1627 4094 1658 4129 a
1716 4077 1880 4130 Petro

224 4172 530 4227 stantibus
592 4168 859 4225 Ecclesiis
921 4172 1223 4238 praeerant.
1296 4165 1678 4233 Posteaquam
1748 4179 1881 4218 vero

224 4259 562 4331 persecutio
595 4258 880 4322 desaeviit,
913 4256 1135 4326 quique
1172 4254 1227 4307 in
1262 4252 1518 4306 metallis
1549 4256 1715 4305 erant
1738 4251 1883 4305 libe-

221 4349 339 4405 rati
376 4352 535 4414 sunt,
556 4347 811 4401 Melitius
831 4342 1244 4400 Alexandriam
1270 4339 1447 4405 venit,
1464 4338 1663 4409 ibique
1685 4355 1882 4409 quam-

219 4439 314 4493 vis
350 4438 411 4492 in
445 4437 556 4492 fit-le
603 4436 751 4491 nihil
806 4434 1115 4500 innovans,
1170 4429 1453 4501 privatam
1512 4435 1703 4483 tamen
1748 4444 1880 4483 cum

220 4528 359 4584 suis
392 4527 636 4598 synaxin
670 4525 889 4580 faciens
924 4521 1159 4578 mansit.
1197 4525 1380 4590 Atque
1426 4518 1548 4574 haec
1600 4532 1669 4572 ex
1715 4517 1882 4573 beato

217 4616 556 4689 Epiphanio
590 4616 745 4669 dicta
774 4615 913 4667 sint.

298 4716 480 4770 Porro
531 4729 664 4768 cum
726 4711 783 4766 in
839 4725 1054 4782 magna
1100 4707 1199 4761 illa
1249 4705 1482 4761 Nicasna
1544 4706 1764 4777 synodo
1816 4707 1887 4760 de

217 4804 355 4859 Arii
395 4803 771 4876 dogmatibus
802 4800 1219 4871 inquireretur,
1254 4801 1319 4851 ut
1366 4812 1434 4851 ex
1482 4795 1745 4865 ejusdem
1795 4811 1889 4867 sy-

222 4894 377 4950 nodi
408 4896 474 4947 ad
507 4891 928 4946 Alexandrinos
960 4885 1216 4960 Epistola
1247 4889 1493 4950 constat,
1527 4901 1644 4939 una
1665 4887 1893 4943 eadem-

221 5001 347 5056 que
382 5001 557 5056 opera
589 4983 659 5037 de
688 4979 901 5036 Melitio
937 4977 1534 5050 quoqueinquisitum
1559 4981 1665 5031 est.
1702 4978 1892 5048 Atque

220 5073 587 5138 humanius,
622 5069 836 5140 inquit,
873 5073 1041 5122 motae
1076 5065 1296 5135 synodo
1349 5068 1508 5136 (nam
1560 5063 1607 5118 si
1661 5081 1891 5120 summo

210 5165 368 5235 jure
398 5161 636 5232 egisset,
696 5157 856 5213 nulla
914 5155 1171 5211 Melitius
1226 5153 1396 5211 venia
1453 5152 1667 5223 dignus
1727 5159 1892 5222 erat),

214 5252 435 5307 visum
469 5260 556 5306 est
589 5252 653 5305 ut
691 5247 788 5303 ille
820 5263 929 5302 sua
958 5245 1016 5298 in
1051 5243 1194 5298 urbe
1229 5246 1484 5306 maneat,
1517 5246 1575 5295 et
1603 5258 1673 5296 ne
1706 5241 1892 5297 ullum

214 5342 423 5399 sacris
457 5344 556 5396 aut
590 5338 806 5406 initiet,
840 5340 941 5391 aut
963 5333 1254 5402 instituat,
1287 5347 1427 5387 neve
1459 5330 1587 5399 ejus
1620 5331 1697 5385 rei
1759 5348 1894 5404 ergn

208 5436 335 5487 aut
371 5429 532 5485 domi
568 5433 669 5484 aut
703 5425 843 5482 foris
875 5424 1230 5492 compareat,
1266 5419 1364 5475 sed
1401 5417 1658 5485 simplici
1708 5426 1763 5474 et
1794 5423 1895 5476 ho-

212 5518 474 5577 norario
507 5517 743 5572 nomine
802 5515 1047 5568 fruatur.
1118 5509 1223 5572 Qui
1308 5523 1440 5563 vero
1499 5507 1570 5562 ab
1631 5507 1727 5562 illo
1776 5510 1896 5579 jam

209 5608 481 5673 initiati,
515 5606 767 5675 alboque
796 5599 1025 5672 mystici
1060 5602 1243 5652 coetus
1273 5594 1538 5664 inscripti
1564 5601 1722 5665 sunt,
1759 5598 1791 5649 ii
1827 5599 1896 5652 ad

215 5702 464 5755 emtum
497 5695 744 5766 quidam
778 5692 1190 5755 admittantur,
1231 5689 1407 5755 atque
1437 5683 1657 5740 honore
1704 5690 1759 5740 et
1807 5704 1898 5743 sa—

1985 1936 2383 1992 tintinnabula
2411 1938 2589 2008 (quod
2624 1938 2796 1993 hodie
2845 1956 2877 1993 a
2926 1939 3222 2011 plerisque
3281 1941 3642 2007 observatur)

1985 2026 2221 2081 funibus
2253 2030 2472 2096 aptare,
2505 2025 2695 2096 iisque
2745 2027 2978 2097 signum
3038 2029 3198 2094 dare,
3256 2033 3311 2082 et
3366 2031 3635 2099 quaedam

1982 2116 2109 2184 ejus
2147 2118 2386 2169 monetae
2419 2113 2531 2168 alia
2571 2115 2885 2169 commenti
2946 2119 3119 2169 sunt:
3181 2116 3347 2185 cujus
3396 2115 3631 2185 quidem

1982 2201 2065 2256 rei
2095 2202 2283 2272 gratia
2316 2206 2659 2272 perpetuum
2688 2218 2819 2256 cum
2863 2201 2982 2256 illis
3041 2217 3253 2273 magno
3310 2201 3629 2259 Athanasio

1983 2290 2202 2345 bellum
2237 2292 2364 2346 fuit.
2396 2293 2689 2345 Hactenus
2720 2289 3125 2346 Theodoritus.

2052 2389 2335 2445 Caeterum
2367 2390 2804 2449 eacratissimus
2855 2391 3212 2451 Athanasius
3259 2392 3318 2448 in
3367 2392 3625 2448 secundo

1980 2478 2353 2550 Apologetico
2387 2497 2486 2552 pro
2519 2497 2627 2535 sua
2659 2480 2719 2535 in
2748 2481 3170 2553 persecutionis
3192 2488 3445 2552 tempore
3464 2482 3623 2553 fuga,

1983 2568 2082 2623 tibi
2115 2576 2242 2639 post
2272 2570 2386 2626 alia
2428 2569 2614 2625 multa
2654 2569 2963 2640 epistolam
3018 2586 3250 2642 quoque
3300 2571 3626 2641 subjunxit,

1982 2674 2157 2729 quam
2191 2660 2264 2716 ab
2302 2659 2538 2716 Ursacio
2570 2664 2627 2715 et
2655 2658 2915 2728 Valente,
2947 2659 3046 2714 illo
3078 2659 3360 2729 Cibalcos,
3405 2659 3513 2725 vel,
3565 2665 3631 2714 ut

1981 2749 2221 2821 quidam
2252 2750 2470 2813 volunt,
2503 2748 2811 2820 Sigedonis
2851 2747 2910 2802 in
2963 2746 3171 2819 Illyriis
3219 2747 3306 2803 vel
3360 2747 3631 2802 inferiore

1983 2838 2304 2907 Pannonia,
2360 2837 2470 2893 hoc
2529 2854 2660 2893 vero
2721 2838 2929 2894 Marsae
2982 2837 3040 2891 in
3088 2836 3634 2892 eademeannonia

1984 2928 2256 3001 episcopo
2288 2931 2611 2998 acceperat,
2644 2943 2848 2982 rursus
2868 2926 3211 2998 Apologiam
3234 2942 3403 2981 suam
3430 2926 3632 2981 ordine

1984 3025 2325 3088 prosecutus
2357 3019 2436 3072 ait
2465 3033 2477 3071 :
2512 3020 2717 3071 Petrus
2749 3016 2901 3085 apud
2936 3032 3040 3069 nos
3085 3018 3216 3069 ante
3276 3013 3629 3085 persecutio-

1985 3122 2118 3161 nem
2150 3108 2457 3176 episcOpus
2486 3104 2615 3168 fuit,
2649 3108 2953 3175 grassante
2987 3106 3181 3157 autem
3230 3102 3633 3172 persecutione

1990 3197 2262 3266 martyrio
2294 3196 2605 3249 coronatus
2630 3200 2735 3249 est.
2770 3196 2823 3248 Is
2862 3191 3171 3257 Melitium,
3216 3190 3317 3263 qui
3363 3207 3515 3245 unus
3566 3207 3635 3245 ex

1988 3286 2270 3357 Egyptiis
2301 3282 2591 3356 episcopis
2622 3285 2932 3351 ferebatur,
2965 3283 3036 3338 de
3066 3281 3270 3336 multis
3313 3272 3637 3336 sceleribus~

1989 3373 2316 3428 convictum
2348 3373 2406 3425 in
2442 3373 2740 3427 communi
2774 3372 3182 3442 episcoporum
3207 3370 3428 3441 synodo
3452 3370 3634 3439 depo-

1989 3463 2124 3518 suit.
2161 3461 2261 3515 Hie
2294 3467 2484 3516 autem
2515 3460 2585 3514 ad
2621 3460 2793 3515 aliam
2826 3458 3048 3514 nullam
3101 3459 3388 3531 synodum
3426 3456 3629 3511 confu-

1990 3567 2142 3624 gere,
2179 3567 2363 3621 ncque
2395 3551 2465 3605 ad
2498 3549 2802 3621 episcopos
2834 3564 3203 3605 successores
3243 3547 3388 3601 Petri
3424 3545 3542 3601 ulla
3571 3560 3633 3598 se

1988 3639 2253 3711 apologia
2285 3654 2533 3710 purgare
2564 3642 2849 3710 satagens,
2885 3637 3219 3693 schismatis
3250 3638 3456 3689 auctor
3505 3634 3632 3698 fuit,

1989 3729 2257 3798 eti'citque
2291 3732 2354 3780 ut
2384 3728 2481 3797 qui
2517 3743 2549 3779 a
2584 3726 2847 3799 partibus
2877 3726 2997 3780 suis
3042 3726 3265 3778 starent
3312 3737 3415 3791 pro
3465 3719 3631 3772 Chri-

1991 3817 2197 3872 stianis
2227 3814 2503 3870 Melitiani
2546 3813 2894 3868 dicerentur.
2957 3811 3087 3865 Haec
3146 3824 3392 3879 magnus
3451 3806 3635 3860 Atha—

1992 3905 2215 3960 naslus.

2061 4003 2412 4054 Sozomenus
2458 4001 2652 4051 autem
2722 3993 2983 4051 historiis
3038 3994 3322 4065 scriptum
3376 3992 3639 4063 reliquit,

1991 4089 2140 4159 quod
2172 4085 2427 4141 Melitius
2461 4085 2712 4156 jamJam
2772 4100 2802 4138 e
2859 4084 3001 4139 vivis
3059 4099 3404 4138 excessurus
3451 4083 3632 4138 Joan-

1992 4193 2121 4232 nem
2155 4175 2467 4246 quemdam
2502 4190 2570 4228 ex
2626 4172 3014 4228 familiaribus
3070 4172 3218 4239 suis,
3282 4175 3484 4242 printer
3538 4170 3638 4226 Ni-

1991 4283 2159 4322 caznaa
2193 4264 2396 4338 synodi
2428 4268 2735 4331 statutum,
2769 4264 2880 4318 sibi
2931 4264 2988 4319 in
3049 4268 3236 4335 Lycon
3294 4263 3636 4334 episcopatu

1992 4369 2388 4412 successorem
2431 4353 2748 4420 constituit,
2796 4354 3111 4422 ataxiaeque
3159 4367 3262 4406 seu
3311 4350 3639 4407 confusioni

1992 4447 2186 4500 denuo
2212 4443 2526 4498 fenestram
2551 4441 2801 4513 aperuit,
2822 4457 2949 4511 qua:
2975 4445 3177 4514 postea
3205 4438 3487 4496 Ecclesiae
3511 4456 3637 4511 per-

1994 4536 2200 4604 vagata
2230 4537 2339 4587 est.

1915 4597 1960 4661 D
2064 4597 2378 4677 éciendum
2411 4625 2629 4687 autem,
2664 4620 2824 4675 beato
2859 4617 3171 4674 Athanasio
3203 4623 3457 4686 auctore,
3482 4617 3637 4689 quod

2000 4728 2133 4767 cum
2170 4710 2399 4765 Nicazna
2430 4709 2688 4781 synodus
2718 4708 3065 4772 censuisset,
3098 4711 3162 4761 ut
3192 4708 3232 4763 ii
3281 4724 3424 4778 quos
3476 4706 3640 4761 Meli-

2000 4800 2120 4856 tius
2150 4798 2461 4862 initiasset,
2507 4797 2711 4852 horum
2761 4795 3289 4852 ecciesiasticorum
3343 4800 3641 4850 consortes

2000 4893 2219 4953 essent,
2252 4888 2576 4942 Alexander
2608 4902 2757 4941 unus
2789 4889 3056 4957 repertus
3082 4890 3188 4948 est,
3221 4885 3320 4955 qui
3380 4889 3641 4939 actorum

2003 4978 2235 5034 tabulas
2267 4981 2572 5047 quaereret,
2606 4992 2675 5030 ne
2725 4974 2981 5030 Melitius
3036 4989 3417 5044 quoscunque
3476 4970 3647 5025 vellet

2002 5067 2059 5122 in
2095 5067 2217 5121 dies
2250 5064 2555 5120 instituere
2585 5063 2694 5119 sibi
2728 5062 2978 5118 liberum
3004 5061 3406 5117 arbitraretur.

2077 5156 2221 5211 Item
2282 5154 2439 5227 quod
2492 5152 2775 5208 Arsenius
2841 5152 3032 5223 (cujus
3095 5165 3337 5206 manum
3395 5148 3654 5204 secuisse

2008 5246 2071 5301 B.
2106 5244 2459 5299 Athanasius
2491 5259 2525 5297 a
2556 5241 2930 5314 schphantis
2962 5241 3156 5295 dictus
3189 5236 3403 5309 fuerat)
3430 5240 3655 5307 Hypse-

2006 5333 2161 5389 leton
2197 5331 2385 5397 urbis,
2415 5346 2613 5386 earum
2648 5330 2844 5394 unius,
2879 5346 3005 5400 qua:
3044 5327 3365 5399 aliquando
3410 5323 3654 5381 subditis

2010 5422 2208 5479 Melito
2242 5422 2489 5485 fuerant,
2522 5420 2755 5474 tandem
2784 5418 3094 5491 episcopus
3142 5417 3271 5483 fuit,
3324 5416 3537 5470 idcirco
3582 5415 3652 5469 ab

2010 5510 2240 5567 Arianis
2273 5507 2521 5574 electus,
2547 5507 2686 5579 quia
2717 5508 2998 5563 adversus
3052 5503 3439 5561 venerabilem
3488 5503 3653 5557 illum

2010 5601 2201 5656 virum
2238 5597 2518 5652 mentitus
2543 5598 2747 5652 fuerat.

2085 5692 2235 5755 Quin
2267 5691 2323 5743 et
2354 5687 2619 5758 Iscbyras
2648 5687 3009 5743 Mareoticus
3035 5687 3239 5743 eadem
3272 5685 3343 5742 de
3373 5701 3550 5741 causa
3580 5681 3649 5736 ad
