4058 6212
453 352 608 412 1359

1766 343 2078 404 NlCET/E
2120 342 2541 406 ΟΗΟΝΙΑΤιΕ

3706 347 3860 406 1350

450 484 851 554 episcopatum
899 480 969 534 ab
1017 478 1222 533 iisdem
1275 480 1509 532 evectus
1560 477 1771 544 fuerat,
1820 477 2090 547 quamvis
2121 480 2424 549 Averant,
2473 474 2574 529 sed
2627 474 3014 544 persecutioni
3073 474 3517 530 succumbentes
3574 477 3871 531 sacriﬁca-

448 577 621 627 antea
651 569 952 641 depositus
983 566 1210 622 fuisset.

517 662 763 726 Quidam
796 656 1258 714 enimColuthus
1304 657 1557 724 nomine,
1611 657 1912 727 presbyter
1962 655 2091 711 Ale-

448 751 1107 818 xandrinus,tanquam
1166 745 1546 814 orthodoxus,
1608 762 1735 800 cum
1802 746 2097 816 plerisque

449 841 580 897 aliis
612 841 669 895 in
693 839 879 911 prima
908 836 1271 908 depositione
1297 836 1421 892 Arii
1471 854 1503 891 a
1553 837 1717 891 beato
1768 836 2094 890 Alexandro

452 931 604 985 facta
634 928 1076 999 subscripserat.
1114 930 1313 980 Postea
1342 942 1476 980 vero
1499 925 1905 995 episcopatum
1938 938 2095 978 som-

453 1020 624 1073 nians
655 1035 689 1072 a
723 1016 935 1073 Melitio
967 1013 1285 1086 superioris
1314 1014 1508 1086 Cynus
1527 1014 1839 1085 episcopus
1870 1022 2097 1069 creatus

451 1112 563 1163 est.
593 1106 854 1162 Tandem
895 1121 1028 1159 cum
1060 1102 1470 1158 Alexandriam
1520 1103 1723 1158 beatus
1774 1102 2100 1157 Alexander

451 1196 715 1267 ejusdem
770 1194 979 1265 praesul
1027 1192 1314 1265 synodum
1365 1195 1759 1255 convocasset,
1821 1194 2098 1259 prasente

454 1283 855 1341 sacratissimo
911 1282 1185 1353 episcopo
1243 1280 1598 1335 Cordubensi
1662 1278 1859 1342 Hosio,
1922 1293 2096 1348 quem

454 1378 596 1430 tunc
626 1370 906 1443 temporis
935 1388 1002 1426 eo
1037 1387 1284 1441 magnus
1317 1371 1636 1442 imperator
1680 1370 2100 1423 Constantinus

456 1463 719 1528 miserat,
754 1465 817 1516 ut
849 1460 1240 1515 Alexandrum
1272 1464 1330 1514 et
1356 1459 1557 1514 Arium
1600 1458 1751 1513 inter
1798 1474 1858 1513 se
1910 1457 2105 1512 conci-

456 1550 646 1619 liaret,
678 1550 979 1622 depositus
1009 1549 1247 1619 quidem
1279 1548 1513 1618 estipse
1537 1563 1770 1618 quoque
1793 1545 2101 1612 Culuthus,

456 1645 520 1693 ut
552 1639 651 1709 qui
685 1644 893 1708 praeter
922 1653 1171 1692 canones
1202 1653 1234 1690 a
1266 1636 1484 1691 Melitio
1524 1642 1750 1690 creatus
1793 1636 2104 1704 episcopus

456 1728 701 1782 fuisset:
734 1742 849 1780 una
878 1724 1051 1780 etiam
1083 1724 1329 1793 depositi
1362 1730 1498 1779 sunt
1529 1723 1568 1777 ii
1599 1724 1696 1793 qui
1732 1723 1801 1778 ab
1835 1724 1963 1794 ipso
1993 1722 2102 1778 Co-

455 1815 620 1871 lutbo
652 1814 901 1870 instituti
934 1814 1189 1920 fuerant,
1211 1812 1513 1920 atquejille
1538 1812 1769 1920 quidjem
1804 1811 1875 1867 ad
1910 1811 2099 1920 priva:
2133 1855 2180 1920 Β

452 1908 579 1959 tum
610 1902 801 1959 locum
834 1901 1021 1972 rediit,
1054 1901 1134 1955 illi
1168 1917 1301 1956 vero
1333 1901 1404 1955 ad
1437 1900 1617 1955 laicos
1659 1900 1849 1955 denuo
1882 1898 2097 1954 redacti

457 2001 615 2047 sunt.
648 1991 868 2047 Horum
900 2007 930 2046 e
959 2006 1202 2046 numero
1234 1990 1500 2058 Ischyras
1552 2005 1726 2057 unus,
1787 1988 1926 2059 quia
1972 2003 2101 2059 pre-

458 2082 656 2154 sbyter
680 2098 713 2135 a
741 2079 982 2136 Colutbo
1005 2078 1311 2134 institutus
1340 2079 1544 2147 fuerat,
1577 2084 1749 2148 atque
1787 2077 2002 2132 idcirco
2035 2077 2105 2133 de

461 2170 649 2242 gradu
680 2169 963 2239 deiectus,
996 2167 1233 2223 tandem
1282 2168 1355 2222 ab
1404 2165 1638 2222 Arianis
1682 2167 1753 2221 ad
1805 2165 2104 2237 episcopa-

463 2265 613 2329 tum,
649 2263 712 2315 ut
733 2259 859 2329 jam
891 2256 1029 2326 dixi,
1057 2261 1360 2328 provectus
1390 2259 1497 2311 est.

786 2404 1052 2457 Haereseos
1078 2399 1433 2471 praecedentis
1459 2399 1783 2467 con/utalia.

539 2530 712 2586 Nulla
744 2546 850 2585 nos
882 2528 996 2584 alia
1021 2529 1167 2584 ratio
1198 2527 1397 2592 movit,
1426 2532 1490 2581 ut
1516 2543 1584 2582 ea
1614 2543 1741 2597 quae
1772 2525 1843 2581 de
1894 2524 2107 2581 Melitio

464 2623 730 2678 feruntur
748 2621 908 2677 hisce
936 2619 1376 2677 commentariis
1408 2618 1823 2685 insereremus,
1848 2634 2022 2688 quam
2045 2622 2107 2672 ut

464 2712 711 2769 lectores
740 2714 1177 2783 cognoscerent,
1208 2725 1387 2780 quam
1413 2708 1582 2778 plena
1605 2707 1762 2775 aleae,
1787 2706 1904 2762 imo
1930 2722 2111 2776 supra

462 2802 648 2859 aleam
676 2817 910 2857 omnem
946 2817 1036 2855 res
1067 2800 1165 2866 sit,
1198 2799 1247 2854 si
1279 2797 1380 2868 qui
1439 2813 1571 2852 cum
1626 2813 1696 2852 ex
1745 2796 1874 2867 ipsa
1923 2794 2108 2866 plebe,

460 2894 584 2945 tum
614 2906 743 2945 vero
785 2889 871 2943 vel
934 2887 1182 2943 maxime
1239 2901 1307 2941 ex
1355 2901 1520 2940 sacro
1578 2883 2108 2940 ecclesiasticorum

461 2977 745 3048 catalogo,
775 2976 989 3048 quibus
1021 2992 1054 3031 a
1082 2975 1199 3031 Deo
1230 2974 1560 3031 animarum
1594 2989 1730 3027 cura
1760 2973 2110 3026 demandata

462 3069 572 3130 est,
605 3065 931 3137 praepositis
962 3065 1086 3120 suis
1120 3063 1376 3135 obstrepi
1411 3063 1469 3117 in
1528 3060 1938 3116 schismaticos
1991 3066 2109 3116 tan-

464 3154 596 3209 dem
626 3154 821 3209 nescio
876 3154 1141 3209 evadant.
1197 3153 1340 3207 Nam
1402 3151 1452 3208 si
1509 3152 1841 3206 sacerdotes
1895 3150 2105 3221 spiritu

2201 570 2424 632 verant,
2461 564 2729 620 infestior
2751 580 2879 619 esse
2912 565 3119 637 pergit,
3153 581 3218 619 eo
3250 565 3485 620 tandem
3521 566 3871 621 inhumani-

2204 659 2340 713 tatis
2375 656 2719 727 prolabitur,
2753 661 2817 710 ut
2846 672 2981 711 cum
3029 655 3246 711 Novato
3298 656 3517 711 sentire
3560 674 3626 711 se
3676 657 3868 713 cuivis

2205 746 2569 817 perspicuum
2605 745 2797 800 faciat.
2832 745 3112 808 Quocirca
3142 763 3214 801 ne
3262 747 3430 801 venia
3481 747 3726 816 quidem
3778 748 3870 802 di-

2204 851 2358 907 gnus
2388 834 2605 906 synodo
2637 833 2877 889 Nicena:
2908 833 3069 889 visus
3099 838 3207 902 est,
3257 834 3359 905 qui
3407 834 3549 888 talia
3595 837 3872 891 refracta.

2207 923 2331 978 rius
2380 930 2588 995 praeter
2643 921 2955 978 Alexandri
3024 921 3386 978 voluntatem
3472 924 3869 996 designasset,

2207 1018 2381 1084 atque
2403 1012 2824 1084 discipulorum
2853 1028 3091 1068 suorum
3117 1013 3589 1083 quamplurimas
3624 1014 3685 1068 in
3708 1016 3873 1069 Aria-

2209 1118 2415 1157 norum
2477 1101 2726 1157 beeresin
2786 1100 3187 1172 provolvisset,
3243 1102 3345 1173 qui
3392 1104 3685 1175 privatam
3737 1107 3866 1173 ejus

2208 1191 2539 1261 opinionem
2573 1192 2758 1246 secuti
2794 1191 3238 1262 pertinacius,et
3260 1193 3457 1247 nescio
3482 1209 3614 1263 qua;
3636 1193 3861 1260 frivola,

2209 1286 2296 1347 ut,
2330 1281 2486 1336 verbi
2520 1282 2727 1352 gratia,
2758 1279 3021 1351 quotidie
3049 1296 3261 1351 corpus
3290 1281 3553 1348 abluere,
3588 1283 3858 1353 hymnos-

2209 1387 2319 1440 que
2348 1387 2482 1425 cum
2506 1386 2783 1426 rnanuum
2809 1370 3115 1440 plausibus
3137 1376 3194 1425 et
3215 1370 3628 1426 saltationibus
3655 1373 3865 1426 modu-

2212 1458 2320 1514 lari
2350 1459 2666 1513 commenti
2687 1465 2904 1513 essent.
2930 1459 3010 1513 Ex
3030 1458 3245 1529 quibus
3270 1460 3458 1515 cuivis
3483 1460 3862 1531 perspicuum

2212 1549 2299 1615 fit,
2332 1546 2792 1603 misericordiam
2822 1552 2879 1601 et
2902 1545 3324 1602 humanitatem
3361 1549 3564 1603 multis
3608 1550 3667 1603 in
3694 1550 3869 1603 rebus

2213 1636 2413 1707 rigori,
2450 1651 2752 1690 summove
2777 1634 2918 1705 juri,
2962 1636 3383 1706 praeferendam
3432 1653 3578 1701 esse,
3630 1636 3691 1691 in
3741 1638 3870 1707 qui-

2215 1724 2326 1779 bus
2354 1725 2675 1797 praesertim
2710 1730 2866 1782 certa
2908 1725 3289 1796 paenitudinis
3333 1724 3549 1781 indicia
3605 1742 3869 1780 cernun-

2218 1818 2330 1881 tur,
2364 1813 2611 1885 talisque
2641 1814 2782 1869 adeo
2811 1814 2993 1869 animi
3027 1814 3320 1885 angustia,
3350 1820 3407 1868 et
3428 1813 3623 1869 cordis
3654 1817 3873 1870 contri-

2211 1904 2311 1970 tio,
2347 1903 2535 1975 qualis
2564 1904 2623 1959 in
2658 1904 2729 1959 iis
2770 1907 3137 1971 cernebatur,
3196 1921 3345 1976 quos
3388 1906 3682 1960 maximus
3730 1905 3867 1960 Ale-

2211 1994 2429 2049 xander
2455 1995 2526 2049 ad
2566 1993 2853 2049 Melitium
2910 1994 3254 2063 introduxit,
3305 1993 3509 2064 eisque
3563 1994 3667 2065 qui
3724 2012 3864 2049 cum

2215 2081 2313 2137 illo
2355 2083 2411 2137 in
2465 2081 2715 2137 vinculis
2753 2083 3203 2138 detinebantur:
3240 2098 3311 2137 ne
3358 2082 3505 2137 forte
3553 2087 3603 2137 si
3652 2085 3750 2152 qui
3804 2100 3867 2138 re

2213 2172 2447 2239 infecta,
2500 2171 2726 2227 dicebat
2780 2171 2898 2239 ille,
2953 2171 3352 2239 remittantur,
3420 2171 3604 2226 nimio
3662 2171 3863 2227 dolore

2217 2262 2656 2329 contabescant,
2695 2277 2872 2332 seque
2905 2262 2961 2316 in
3007 2262 3077 2316 iis
3110 2278 3238 2332 quae
3271 2276 3375 2331 pro
3398 2259 3739 2315 delictorum
3767 2276 3865 2313 ve.

2220 2350 2313 2406 nia
2368 2351 2756 2417 obtestantur,
2814 2350 3109 2423 repulsam
3170 2352 3285 2421 pati
3332 2350 3620 2418 videntes,
3676 2351 3861 2406 Deum

2222 2455 2476 2510 quoque,
2508 2440 2609 2511 qui
2640 2444 2799 2495 totus
2833 2440 2960 2511 ipsa
2993 2439 3387 2496 misericordia
3426 2444 3537 2509 est,
3592 2456 3705 2494 non
3757 2438 3871 2493 mi-

2223 2545 2336 2585 nus
2365 2530 2476 2585 sibi
2513 2530 3037 2585 immisericordem
3069 2531 3422 2601 quandoque
3455 2530 3723 2583 futurum
3776 2546 3874 2600 pu-

2222 2622 2369 2688 tent,
2401 2636 2577 2690 quam
2610 2624 2870 2675 terrenos
2904 2619 2962 2674 in
2997 2619 3103 2675 hoc
3137 2618 3348 2674 saeculo
3380 2617 3719 2674 animarum
3746 2634 3878 2672 sua-

2219 2724 2350 2761 rum
2393 2708 2646 2763 medicos
2691 2709 3205 2779 conspicerentur:
3251 2712 3310 2763 et
3361 2708 3499 2762 inde
3541 2712 3765 2762 certam
3816 2706 3878 2759 in

2219 2794 2683 2864 desperationem
2742 2795 3021 2867 prolapsi,
3071 2796 3197 2865 jam
3257 2800 3433 2866 caput
3480 2810 3511 2849 e
3584 2795 3876 2864 profundo

2222 2884 2566 2953 perditionis
2595 2900 2859 2941 exserere
2890 2900 3003 2941 non
3050 2885 3292 2957 possint.

2292 2973 2569 3029 Caeterum
2604 2973 2726 3028 haec
2758 2979 2817 3029 et
2846 2974 3038 3041 nobis,
3069 2978 3125 3029 et
3179 2978 3310 3029 ante
3374 2990 3478 3027 nos
3537 2971 3693 3039 aliis,
3757 2988 3873 3027 non

2220 3063 2421 3135 procul
2453 3064 2526 3119 ab
2554 3080 2621 3119 eo
2653 3064 2806 3135 quod
2838 3081 2930 3120 res
2961 3072 3068 3136 est,
3101 3063 3312 3136 piaque
3356 3063 3653 3119 sententia
3699 3066 3870 3117 aber-

2219 3152 2486 3207 rantibus
2517 3152 2865 3221 innotuisse,
2896 3168 2965 3208 ex
2994 3153 3065 3208 iis
3104 3169 3231 3225 quas
3290 3152 3364 3207 ab
3421 3151 3758 3206 Alexandro
3815 3159 3870 3205 et

464 3243 748 3314 superbiae
814 3242 1150 3308 efferantur,
1203 3240 1573 3312 trivialesque
1635 3238 1833 3311 populi
1900 3215 2103 3295 turbas
2137 3215 2179 3282 Ο
2219 3240 2439 3296 Melitio
2468 3244 2633 3313 gesta
2659 3215 2943 3309 feruntur,
2984 3215 3179 3312 quivis
3228 3240 3396 3297 facile
3445 3240 3863 3312 deprehendat.

465 3334 803 3394 convocent,
835 3335 1010 3400 atque
1064 3329 1147 3384 ita
1194 3346 1293 3384 eos
1344 3329 1403 3383 in
1438 3332 1644 3383 mutua
1672 3328 1804 3383 odia
1858 3334 2107 3396 arment,

466 3432 614 3489 quos
660 3417 863 3470 eadem
897 3416 1076 3470 divini
1107 3416 1359 3484 Spiritus
1396 3416 1583 3486 gratia
1622 3417 1995 3488 conjungere,
2053 3422 2112 3473 et

465 3505 525 3560 in
559 3519 742 3559 unum
776 3505 943 3575 quasi
975 3520 1188 3576 corpus
1218 3503 1621 3574 conglutinare
1644 3504 1943 3571 debuerat,
1968 3507 2109 3560 dum

467 3594 525 3650 in
559 3597 754 3664 partes
785 3597 841 3648 et
883 3594 1145 3648 membra
1170 3608 1345 3647 unam
1372 3591 1634 3646 Ecclesia:
1653 3609 1992 3664 compagem
2017 3594 2109 3648 di-

462 3684 691 3749 vidunt,
723 3683 856 3754 quis
883 3682 999 3752 jam
1034 3683 1193 3753 pacis
1224 3682 1377 3753 apud
1410 3679 1685 3752 populum
1722 3697 1902 3751 praeco
1954 3683 2107 3738 futu-

462 3790 564 3830 rus
589 3778 678 3829 est
705 3773 732 3827 ‘I
761 3777 816 3827 et
854 3789 1258 3843 persuasurus,
1303 3774 1366 3825 ut
1414 3769 1652 3840 spiritus
1700 3770 2111 3841 conjunctione

464 3861 873 3918 cohaerentiam
919 3860 1266 3916 annulorum
1328 3858 1631 3913 imitetur?
1686 3858 1830 3914 Nam
1892 3859 2109 3931 qualia,

464 3968 683 4022 quaeso,
720 3954 861 4005 sunt
887 3966 954 4005 ea
996 3967 1122 4021 quas
1184 3966 1281 4018 per
1336 3947 1738 4017 ambitionem,
1799 3954 1855 4002 et
1912 3952 2109 4022 magni

467 4040 623 4095 illius
651 4039 956 4095 Alexandri
1009 4039 1231 4102 odium,
1276 4036 1527 4092 Melitius
1582 4042 1948 4092 commentus
1998 4044 2108 4104 est,

464 4146 717 4201 eumque
756 4128 939 4185 secuti
997 4127 1268 4198 discipuli
1320 4127 1739 4197 designarunt?
1800 4127 1896 4182 Ille
1953 4131 2107 4184 enim

466 4218 607 4273 dum
637 4234 870 4274 summo
893 4218 1030 4288 jure
1058 4232 1407 4287 summaque
1439 4214 1663 4270 malitia
1691 4217 1982 4271 severitati
2014 4233 2108 4273 ca-

466 4307 683 4363 nonica:
715 4305 849 4379 plus
883 4322 1043 4377 :cquo
1074 4306 1291 4375 studet,
1322 4310 1378 4360 et
1405 4304 1479 4358 iis
1537 4307 1637 4375 qui
1690 4305 2110 4376 persecutionis

461 4402 723 4469 tempore
755 4395 904 4467 lapsi
946 4400 1132 4462 erant,
1166 4410 1272 4450 nec
1303 4393 1373 4449 ad
1432 4398 1757 4449 extremum
1813 4398 2105 4451 concerta-

2220 3329 2318 3385 Ille
2347 3330 2502 3386 enim
2533 3346 2668 3386 cum
2700 3330 3080 3386 humanitatis
3111 3330 3345 3402 plenum
3377 3331 3451 3386 de
3484 3330 3555 3385 iis
3585 3330 3683 3401 qui
3739 3345 3871 3400 per-

2223 3418 2541 3473 secutionis
2570 3422 2829 3490 tempore
2862 3418 3012 3490 lapsi
3036 3420 3265 3475 fuerant
3285 3418 3601 3474 consilium
3631 3434 3873 3490 sugges-

2224 3507 2418 3577 sisset,
2453 3507 2727 3579 martyrio
2767 3508 2942 3563 vitam
2976 3508 3185 3563 finivit.
3219 3507 3479 3564 Melitius
3525 3523 3683 3571 vero,
3731 3509 3874 3562 dum

2212 3595 2315 3667 jus
2348 3613 2650 3651 summum
2672 3596 2995 3652 studiosius
3016 3598 3413 3669 persequitur,
3436 3597 3491 3651 id
3518 3602 3876 3652 consecutus

2219 3689 2330 3752 est,
2366 3689 2430 3741 ut
2458 3693 2511 3740 et
2545 3685 2806 3757 martyrii
2838 3702 3054 3742 corona
3086 3685 3384 3752 exciderit,
3414 3691 3473 3741 et
3500 3686 3723 3741 sanctis
3769 3690 3881 3740 Pa-

2221 3772 2411 3826 tribus
2442 3772 2540 3841 qui
2574 3772 2823 3829 Nicaeam
2866 3780 3281 3841 convenerant,
3326 3789 3392 3828 eo
3444 3773 3669 3828 nomine
3725 3788 3879 3826 con-

2219 3861 2530 3917 demnatus
2561 3861 2659 3931 sit,
2692 3863 2828 3933 quia
2859 3878 3120 3918 seorsum
3148 3878 3622 3935 parasynagogas,
3646 3868 3750 3915 hoc
3772 3866 3876 3915 est.

2218 3948 2422 4005 illicita
2450 3952 2872 4022 conventicula,
2929 3958 3291 4008 convocaret.
3347 3955 3583 4023 Insuper
3630 3951 3736 4021 qui
3794 3951 3877 4005 ab

2220 4038 2347 4109 ipso
2379 4039 2632 4095 instituti
2667 4041 2917 4107 fuerant,
2949 4043 3242 4097 secundas
3273 4042 3348 4097 ab
3389 4042 3465 4098 iis
3486 4040 3696 4106 tulere,
3726 4058 3884 4111 quos

2217 4127 2538 4183 Alexander
2566 4128 2920 4195 instituerat,
2954 4136 3129 4202 atque
3169 4130 3313 4186 adeo
3356 4148 3430 4186 ne
3477 4130 3635 4202 quod
3693 4130 3879 4186 eccle-

2219 4217 2523 4273 siasticum
2584 4235 2802 4274 munus
2877 4224 3235 4274 attentarent
3299 4220 3695 4275 interdictum
3775 4225 3886 4274 est.

2218 4307 2378 4371 Quod
2413 4308 2462 4362 si
2500 4308 2599 4380 qui
2633 4308 2867 4365 illorum
2895 4310 3041 4365 vivis
3068 4311 3437 4377 excederent,
3487 4310 3549 4365 hi
3602 4316 3736 4365 tum
3785 4312 3891 4365 de-

2225 4412 2383 4451 mum
2419 4396 2475 4451 in
2510 4399 2919 4455 defunctorum
2949 4398 3143 4456 locum
3182 4406 3673 4474 surrogarentur.
