4090 6192
265 383 417 443 1361

1615 385 2020 449 THESAURI
2065 389 2210 448 LIB.
2256 390 2329 449 V.

3520 402 3543 459 1
3559 399 3677 459 362

1230 524 3678 555 _____—_______________________

989 683 1108 831 Ν
1192 678 1765 834 ΟΕΤᾸΕ

2000 682 2412 837 {HO
2451 691 2480 833 ἐ
2522 694 2625 837 Α
2653 686 2768 835 Τ
2798 689 2973 840 ZE

710 935 1509 1031 THESAURI
1635 936 2657 1032 ORTHODOXE
2778 942 3207 1037 FIDEI

1528 1125 1855 1210 LIBER
1927 1123 2393 1231 QUINTUS

1144 1298 1511 1357 aoveasus
1556 1301 1882 1370 ARIANOS,
1928 1302 2421 1371 EUNOMIANOS,
2469 1305 2616 1360 me.
2663 1306 2776 1377 (60)

785 1547 1020 1604 CAPUT
1051 1549 1363 1605 PRIMUM.

374 1677 445 1729 De
472 1674 596 1729 Arii
620 1691 837 1743 genere,
870 1677 1071 1744 forma,
1114 1677 1333 1743 vestitu,
1362 1685 1413 1732 et
1439 1679 1766 1735 sacerdotio.

317 1800 489 1854 Arius
514 1801 647 1855 Afer
675 1800 1312 1871 genere,Alexandrinae
1331 1803 1610 1858 diaconus
1628 1804 1895 1859 Ecclesiae

249 1892 356 1944 fuit
386 1909 398 1946 :
431 1892 523 1945 cui
551 1892 698 1946 sacri
731 1892 932 1947 altaris
964 1893 1289 1948 ministerio
1343 1896 1755 1950 sanctissimus
1790 1900 1893 1951 Pe-

249 2034 359 2104 (60)
396 2034 807 2090 Protlteoricum
859 2035 1010 2109 Petri
1060 2036 1269 2091 Marulli
1318 2038 1617 2109 Parergon,
1659 2040 1729 2094 ad
1758 2057 1889 2095 can-

856 2106 1009 2162 didos
1049 2109 1290 2163 lectores.

320 2193 478 2256 Quod
527 2192 691 2267 libris
744 2197 1171 2267 superioribus,
1229 2197 1465 2252 candidi
1512 2196 1779 2267 lectores,
1825 2201 1896 2255 de

247 2268 429 2340 sacris
450 2266 780 2340 Naziuzeni,
817 2268 1272 2338 Damascenique
1294 2268 1528 2337 scriptis
1553 2266 1891 2340 praemonui,

246 2335 293 2411 si
326 2338 462 2405 quis
496 2338 791 2411 tersiorem
827 2354 1025 2393 eorum
1061 2335 1384 2394 versionem
1415 2335 1625 2407 'vellet,
1670 2335 1897 2411 integra

244 2406 480 2479 Patrum
517 2408 779 2478 ipsorum
814 2425 988 2479 opera
1028 2411 1077 2463 ei
1112 2411 1380 2465 adeunda
1413 2428 1563 2477 esse,
1600 2406 1750 2467 idem
1786 2406 1894 2469 hoc

245 2478 391 2555 libro
426 2483 631 2555 quinto
665 2479 734 2533 de
768 2478 1194 2555 immortalibus
1226 2483 1288 2535 Β.
1324 2483 1615 2555 Athanasii
1663 2486 1893 2555 scriptis

249 2549 581 2616 dicendum,
615 2567 682 2604 ex
728 2552 940 2621 quibus
999 2570 1143 2621 pene
1194 2559 1351 2608 totus
1401 2554 1647 2608 haustus
1696 2566 1747 2609 et
1780 2549 1891 2611 ex-

240 2628 478 2691 cerptus
508 2627 619 2679 est.
653 2622 711 2677 Si
746 2625 879 2692 quis
909 2624 1062 2678 enim
1090 2626 1511 2679 emunctiorem
1539 2626 1751 2681 triviali
1784 2627 1891 2683 hac

244 2708 375 2747 mea
439 2693 837 2768 oraculorum,
873 2696 1396 2751 Athanasianorum
1459 2696 1887 2768 interpretatio-

245 2780 373 2839 nem
409 2765 794 2839 requirat,4ne
827 2767 1227 2838 interpretem,
1275 2784 1491 2839 quaeso,
1545 2765 1672 2838 ejus
1732 2771 1891 2826 adire

245 2834 463 2915 pigeat.
497 2834 876 2915 recentiorem
902 2834 1141 2915 inquam
1176 2834 1365 2915 illum,
1399 2834 1887 2915 a_me_vnunqu_am

1923 1554 1977 1620 Α
2009 1557 2135 1609 trus
2164 1571 2407 1626 prorsus
2437 1555 2749 1625 interdixit,
2802 1559 2937 1630 quia
2986 1560 3167 1615 Deum
3227 1563 3483 1620 Verbum
3541 1564 3655 1620 ἐτε-

2008 1640 2280 1715 ροοῦσιον,
2316 1644 2423 1699 hoc
2467 1649 2554 1699 est
2586 1646 2824 1701 diversa:
2855 1665 2887 1701 a
2916 1648 3077 1703 Patre
3136 1651 3479 1707 substantiae
3524 1671 3652 1710 esse

2006 1731 2393 1801 proﬁteretur,
2454 1737 2507 1787 et
2563 1732 2890 1803 hujusmodi
2949 1737 3249 1791 verborum
3304 1746 3568 1808 portenta
3600 1740 3650 1810 ἐξ

2006 1818 2106 1872 οὐκ
2165 1814 2356 1887 ὅντων,
2417 1838 2518 1876 seu
2582 1839 2649 1876 ex
2699 1824 2902 1889 nihilo,
2945 1832 3022 1893 et,
3072 1829 3171 1880 Ἠν
3220 1845 3370 1895 ποτε,
3421 1825 3510 1882 ὅτε
3550 1828 3652 1883 οὐκ

2004 1908 2091 1977 ἧν,
2128 1926 2253 1976 seu,
2283 1908 2414 1963 Fuit
2437 1915 2690 1981 tempus,
2726 1928 2844 1982 quo
2876 1930 2989 1966 non
3025 1914 3131 1967 fuit
3165 1915 3574 1973 introduceret.

2008 2052 2450 2121 Andegavorum
2484 2067 2676 2106 comes
2708 2052 2884 2106 Fulco
2932 2053 3130 2119 Ncrra,
3182 2054 3471 2111 Gutol'redi
3524 2058 3652 2113 Gri-

2006 2123 2314 2192 sagonellm
2350 2122 2503 2177 lilius
2536 2123 2816 2185 condidit,
2852 2125 3154 2179 monachis
3186 2142 3252 2179 eo
3283 2145 3347 2180 ex
3384 2128 3487 2182 SS.
3519 2128 3651 2183 Ursi

2008 2194 2371 2260 Lochiensis,
2406 2195 2754 2248 etbeubacii
2810 2196 3251 2266 Senaparicusis
3310 2198 3650 2255 cmnobiolis

2005 2268 2271 2330 inupum
2306 2267 2657 2336 convocatis)
2690 2283 2723 2320 υ.
2764 2282 2853 2320 me
2901 2267 3199 2321 inventum
3251 2268 3377 2323 sine
3426 2269 3647 2326 domini

2005 2343 2384 2409 consensuet
2407 2338 2576 2406 jussu
2614 2338 2911 2409 publicare
2944 2337 3144 2394 nolim.

2075 2410 2235 2485 Quod
2271 2407 2345 2485 si
2371 2409 2464 2485 cui
2495 2407 2729 2485 Parergi
2778 2409 3274 2485 hujus__aliquota
3309 2412 3647 2485 nuptm-atate

2003 2480 2172 2556 taedio
2206 2480 2351 2556 nulli
2381 2482 2475 2549 sit,
2511 2480 2909 2556 mihisuntet
2938 2479 3052 2536 alia
3104 2479 3411 2556 nonnulla,
3462 2501 3647 2556 eaque

2003 2552 2551 2627 varia__scripta,iex
2587 2551 2879 2624 primariis
2930 2556 3213 2627 Lucerum
3266 2551 3642 2627 Bcllilocique

2005 2622 2818 2697 teinplis_emendicata,_quaz
2847 2639 2976 2697 cum
3012 2624 3162 2678 Deus
3207 2624 3378 2695 volet,
3410 2622 3645 2697 appare-

2002 2693 2169 2749 bunt.
2223 2694 2363 2748 Nam
2419 2700 2621 2764 praeter
2677 2694 2738 2747 Β.
2808 2693 3111 2750 Athanasii
3170 2693 3521 2765 opusculum
3575 2716 3644 2754 ex

2003 2766 2175 2837 Regio
2233 2765 2595 2821 Bellilocensi
2656 2766 2914 2833 emnopio
2974 2775 3060 2820 est
3120 2766 3260 2820 mihi
3294 2768 3356 2822 Β.
3408 2770 3638 2826 Martini

2001 2839 2285 2908 episCOpi,
2318 2837 2387 2891 de
2418 2845 2671 2907 quatuor
2721 2837 3039 2908 virtutibus
3072 2842 3419 2907 opusculum
3457 2840 3641 2897 multo

246 2907 375 2963 sine
395 2906 506 2981 illa
538 2910 823 2978 perpetui,
858 2906 1026 2978 quem
1060 2910 1384 2981 discipulus
1415 2906 1750 2967 doctissimo
1777 2913 1889 2967 hu-
1916 2907 1962 2972 B
2002 2906 2589 2981 castigatius,_quam
2641 2908 2791 2977 quod
2852 2907 3021 2981 vulgo
3072 2906 3187 2962 tam
3236 2910 3343 2964 sub
3372 2915 3639 2981 Senecae,

248 2978 706 3052 inanissimoque
727 2982 917 3046 debet,
953 2982 1191 3037 honoris
1218 2978 1555 3052 praefatione
1590 2984 1888 3038 nominan-

245 3049 386 3123 dum
422 3049 487 3104 D.
525 3053 749 3105 Petrum
783 3053 1105 3123 Nanniuni,
1141 3049 1363 3123 regium
1400 3055 1453 3107 in
1489 3055 1887 3110 amoenissimo

243 3119 544 3194 Musarum
600 3123 1015 3194 Charitumque
1072 3119 1328 3193 λειμῶνι,
1368 3125 1699 3180 Lovaniensi
1738 3133 1885 3181 Aca-

245 3192 460 3257 demia,
495 3195 587 3247 cui
619 3196 775 3250 docti
824 3192 1027 3250 omnes
1058 3192 1346 3250 secundas
1378 3213 1410 3249 a
1442 3196 1749 3252 Parisiensi
1784 3197 1884 3251 ul-

241 3267 331 3317 tro
358 3265 645 3331 delerunt,
692 3266 1105 3321 humaniorum
1141 3266 1463 3321 litterarum
1500 3269 1880 3337 professorem

238 3350 434 3408 quem,
471 3351 601 3389 eum
636 3337 1041 3393 Ciceronianus
1074 3337 1295 3408 aliquot
1340 3338 1396 3392 in
1433 3337 1671 3393 Verrem
1706 3341 1882 3394 actio-

236 3407 445 3479 nesin
492 3410 629 3461 aula
660 3408 1011 3479 ,Buslidiana
1071 3407 1423 3479 prielegeret,
1483 3411 1699 3477 audivi,
1732 3428 1883 3465 anno

234 3476 473 3552 Christi,
509 3479 564 3530 ui
596 3478 786 3543 fallor,
825 3476 1315 3552 l§46,_a_atatisque
1372 3496 1512 3535 mea:
1549 3482 1636 3547 19,
1690 3476 1883 3552 eoque

235 3547 365 3615 ipso
402 3555 680 3616 tempore,
716 3565 830 3617 quo
864 3549 1175 3605 Mechlinia
1208 3547 1259 3616 (ο
1296 3551 1698 3607 tristissimum
1759 3547 1883 3608 om-

234 3619 578 3696 nium,_qua3
606 3619 764 3673 hisce
786 3635 1043 3696 unquam
1067 3622 1252 3696 oculis
1274 3623 1409 3688 vidi,
1434 3623 1882 3696 spectaculuml)

233 3692 309 3744 de
341 3689 485 3764 caelo
504 3696 686 3764 tacta,_
706 3707 851 3760 pene
884 3689 1051 3746 tertia
1103 3694 1192 3747 sui
1225 3700 1385 3764 parte
1434 3689 1491 3749 in
1551 3689 1884 3750 funestissi;

236 3776 400 3815 mum
431 3761 691 3815 bidental
721 3779 993 3818 conversa
1023 3769 1132 3818 est.

317 3837 443 3885 Hec
479 3848 649 3904 porro
683 3833 859 3903 priori
904 3834 985 3887 illi
1046 3834 1447 3904 superioribus
1505 3834 1670 3890 libris
1703 3836 1882 3892 inter-

238 3903 349 3978 sito
376 3905 445 3957 de
481 3903 537 3957 Β.
572 3903 915 3978 Damasccni
942 3903 1177 3975 scriptis
1200 3904 1456 3978 παρέργῳ
1480 3908 1884 3978 attexuissem,

239 3977 379 4048 quia
428 3990 555 4048 non
592 3976 790 4048 paucis
847 3976 926 4048 illi
999 3994 1232 4048 quoque
1276 3976 1410 4031 libri
1473 3977 1885 4033 Athanasianis

236 4045 592 4119 testimoniis
624 4046 873 4119 inspersi
906 4045 1065 4113 sunt,
1101 4045 1155 4102 si
1188 4053 1249 4102 Β.
1284 4048 1469 4119 Patris
1503 4050 1742 4119 scripta,
1778 4049 1883 4102 La-

236 4116 316 4170 tio
349 4134 380 4169 a
415 4121 472 4169 D.
508 4133 634 4171 meo
683 4118 906 4172 Naunio
956 4120 1191 4183 donata,
1245 4134 1405 4172 meas
1437 4118 1493 4171 in
1548 4116 1756 4172 manus
1789 4136 1885 4172 ve-

236 4189 486 4254 nissent,
518 4205 647 4260 quas
677 4190 893 4244 nudius
927 4190 1130 4244 tertius
1164 4189 1415 4260 primum
1445 4189 1581 4254 vidi,
1606 4196 1663 4243 et
1693 4195 1885 4244 tomos

235 4275 440 4314 omnes
474 4258 575 4330 per
600 4267 978 4315 transennam
1011 4277 1078 4314 eo
1123 4258 1365 4313 consilio
1418 4260 1622 4325 evolvi,
1665 4266 1728 4315 ut
1758 4277 1881 4314 cer-

234 4331 350 4385 tior
378 4331 603 4401 ﬁerem,
636 4348 773 4387 num
808 4348 1052 4385 aureum
1088 4331 1148 4385 B.
1186 4330 1492 4385 Athanasii
1515 4331 1888 4401 opusculum,

232 4400 392 4473 quod
423 4418 575 4457 meas
612 4403 663 4456 in
731 4420 940 4457 manus
1006 4410 1139 4456 ante
1193 4400 1666 4473 quinquennium
1727 4400 1889 4455 αὐτο-

229 4471 425 4544 γράφῳ
457 4474 911 4546 transcriptione
963 4471 1374 4540 inciditfcum
1436 4472 1731 4544 plerisque
1764 4473 1890 4528 aliis

236 4561 439 4599 recens
469 4545 726 4600 inventis
750 4547 971 4599 editum
1007 4550 1180 4600 esset.
1225 4550 1297 4599 At
1347 4561 1637 4615 nusquam
1671 4546 1799 4615 ejus
1832 4546 1887 4600 in

237 4623 361 4670 toto
395 4617 692 4671 volumine
725 4617 945 4671 mentio
977 4615 1061 4683 ﬁt,
1108 4617 1208 4671 sed
1261 4616 1545 4685 principis
1602 4618 1890 4672 duntaxat

236 4689 391 4756 ejus.
425 4690 596 4757 cujus
613 4690 848 4743 nomine
867 4688 1151 4756 scriptum
1180 4688 1559 4749 est.Antiochi
1587 4689 1887 4757 nimirum,

236 4759 336 4813 cui
373 4759 833 4827 pulcherrimum
889 4759 1032 4813 illud
1084 4759 1476 4822 Quaestionum
1528 4777 1594 4813 ex
1645 4766 1891 4830 utroque

234 4830 614 4886 Testamento
670 4831 998 4886 elicitarum
1046 4847 1194 4901 opus
1228 4830 1478 4895 dicatur,
1510 4832 1662 4901 quod
1702 4833 1891 4902 primo

238 4904 382 4957 torni
445 4904 640 4972 quarti
704 4902 829 4957 loco
863 4911 1223 4973 proponitur.
1288 4904 1367 4956 Ad
1425 4904 1693 4956 eumdem
1754 4919 1890 4973 ergo

232 4975 589 5029 Antiochum
648 4989 716 5028 ex
770 4975 917 5029 duce
979 4973 1331 5028 monachum
1394 4982 1564 5044 atque
1618 4974 1887 5029 abbatem

230 5044 575 5100 Christianae
643 5045 778 5100 ﬁdei
844 5044 1211 5112 στοιχείωσιν,
1299 5061 1398 5099 seu
1465 5045 1886 5101 institutionem

234 5112 635 5170 δωδεκάτιτλον
672 5134 772 5172 seu
820 5112 1127 5172 duodecim
1171 5115 1427 5186 capitum
1492 5117 1887 5186 inscriptione,

230 5205 365 5244 cum
402 5190 571 5244 ducis
602 5189 791 5259 ipsius
825 5189 949 5243 Vita
1006 5188 1186 5259 habeo
1220 5204 1344 5257 quae
1386 5191 1531 5259 tunc
1563 5189 1794 5242 domum
1829 5189 1885 5243 in

228 5261 445 5332 vulgus
476 5256 741 5325 exibunt,
778 5275 909 5332 cum
945 5256 1465 5332 nobilissimoviro
1526 5259 1604 5332 Q.
1653 5259 1888 5332 Nicolao

227 5329 520 5388 Tricelinu
578 5349 607 5385 a
682 5331 907 5386 Brossi:l
966 5330 1367 5385 Belliloceusis
1439 5334 1496 5383 et
1549 5329 1888 5386 Claritensis

234 5406 726 5458 monasteriorum
778 5403 972 5457 abbati
1003 5402 1196 5456 visum
1259 5399 1450 5455 fuerit.
1514 5400 1673 5455 Beati
1731 5402 1886 5457 enim

228 5475 538 5531 Athanasii
585 5472 933 5544 opusculum
991 5472 1155 5541 illud,
1208 5476 1489 5544 tanquam
1525 5471 1886 5544 thesaurum

230 5548 294 5603 in
331 5547 543 5602 nobilis
574 5542 733 5599 illius
764 5544 994 5601 abbatis
1024 5559 1162 5614 agro
1210 5543 1343 5611 (hoc
1373 5548 1462 5596 est
1523 5542 1885 5598 Bellilocensi

2002 2978 2178 3050 quam
2231 2979 2491 3050 ejusdem
2547 2980 2694 3035 beati
2748 2978 2982 3033 nomine
3042 2984 3283 3049 prostat.
3345 2980 3427 3036 Ex
3484 2985 3643 3049 regia

1996 3049 2167 3121 porro
2198 3049 2549 3123 S.’Virginis
2582 3050 2916 3123 Lochiensis
2946 3050 3199 3123 Basilica
3243 3054 3496 3123 Aureum
3530 3059 3637 3109 Pa-

1996 3122 2213 3177 schasii
2246 3123 2315 3176 de
2350 3121 2721 3177 Eucharistiai
2768 3128 3134 3177 sacramento
3190 3122 3452 3178 libellum
3484 3125 3633 3181 inte-

1993 3209 2161 3263 grum
2193 3198 2354 3255 (nam
2385 3195 2445 3248 in
2475 3211 2542 3248 eo
2577 3210 2751 3264 quem
2783 3193 3016 3247 Colonia
3046 3194 3250 3261 edidit,
3281 3195 3396 3250 duo
3456 3198 3639 3252 triave

1993 3264 2130 3319 folia
2160 3264 2394 3339 desunt,
2426 3282 2552 3339 quae
2583 3282 2658 3339 ex_
2682 3264 2984 3339 Lochiensi
3032 3266 3307 3339 suppleri,
3345 3268 3637 3339 possunt).

1993 3341 2148 3409 I_tem_
2189 3334 2459 3409 L-itinani'
2510 3337 2816 3409 duodecim
2878 3334 3633 3409 priorumnAnde‘gavorum

1991 3407 2279 3463 Comitum
2314 3407 2625 3462 Historiam
2659 3409 2715 3460 in
2739 3423 2856 3477 qua
2887 3407 3182 3462 Gotol’redi
3227 3407 3636 3478 Grisagonellae

1991 3480 2182 3549 (cujus
2214 3478 2492 3548 originem
2529 3478 2790 3549 plerique
2822 3478 3169 3533 recentiores
3220 3480 3630 3536 Francicarum

1990 3566 2187 3621 rerum
2212 3548 2667 3621 historiographi
2700 3565 2761 3604 se
2793 3548 3062 3621 ignorare
3093 3551 3388 3621 fatentur),
3420 3568 3635 3621 genea—

1988 3620 2138 3691 logia
2171 3619 2490 3689 Martiaque
2520 3619 2703 3691 gesta,
2738 3626 2940 3690 praeter
2972 3619 3235 3676 Locbiaci
3271 3619 3472 3691 templi
3505 3640 3635 3676 con-

1991 3693 2371 3746 structionem
2406 3691 2791 3748 diﬂusissime
2849 3693 3197 3747 referuntur.
3234 3693 3507 3746 Eamdem
3545 3694 3639 3746 hi-

1991 3765 2228 3819 storiam
2274 3770 2331 3817 et
2363 3763 2622 3819 Latinam
2674 3768 2731 3817 et
2772 3763 3046 3816 Gallicam
3101 3762 3163 3815 D.
3215 3762 3395 3816 Nico].
3458 3764 3637 3818 Bran-

1991 3834 2203 3890 chutus
2237 3834 2647 3889 Lochiensium
2675 3833 3110 3903 prepraet'ectus,
3136 3831 3639 3887 Belliloceusium-

1991 3922 2105 3975 que
2129 3907 2311 3973 judex
2346 3905 2486 3975 mihi
2536 3904 2975 3975 exscribendam
3033 3918 3151 3975 una
3193 3918 3328 3975 cum
3389 3903 3643 3959 archivis

1990 3973 2213 4045 aliquot
2263 3974 2528 4028 Ecclesiae
2581 3974 2917 4045 Locbiensis
2949 3973 3006 4025 in
3049 3973 3127 4045 _50
3158 3974 3344 4045 capita
3393 3975 3643 4045 digestis

1991 4042 2271 4099 tradidit:
2333 4061 2460 4114 quas
2517 4050 2713 4098 tamen
2766 4044 2985 4113 absque
3048 4042 3114 4097 R.
3179 4042 3237 4099 P.
3298 4045 3361 4099 D.
3405 4042 3643 4100 Antonii

1997 4117 2181 4171 Isauri
2213 4115 2272 4169 Ξ.
2304 4114 2573 4186 Cypriani
2615 4114 2829 4186 Pictavi
2886 4115 3133 4178 abbatis,
3193 4118 3251 4171 et
3313 4116 3644 4173 Lochiensis

1998 4186 2261 4242 Ecclesiae
2296 4185 2504 4253 prioris
2556 4185 2849 4259 totiusque
2899 4187 3173 4259 adeoque
3208 4188 3464 4259 capituli
3505 4206 3641 4244 con~

2002 4276 2177 4315 sensu
2210 4264 2268 4313 et
2294 4259 2459 4327 jussu
2496 4255 2791 4317 publicare
2823 4257 3021 4312 nolim.
3049 4255 3425 4315 Archiva'illa
3447 4260 3513 4315 D.
3548 4267 3647 4315 Pe-

2001 4332 2073 4384 tri
2132 4329 2397 4403 Sandillii
2453 4328 2770 4403 αὐτόγραφα
2825 4335 2985 4403 sunt,
3054 4329 3224 4398 cujus
3279 4330 3645 4403 elegantissi-

2004 4417 2162 4456 mum
2195 4399 2914 4471 ecclesiaslicaa'prosodiaa
2945 4417 3094 4470 opus
3129 4403 3187 4453 in
3244 4399 3509 4469 ejusdem
3542 4403 3645 4457 Ec-

2002 4473 2190 4528 clesiae
2223 4472 2399 4528 choro
2440 4470 2724 4537 servatur,
2756 4472 2908 4541 quod
2971 4470 3115 4525 mihi
3165 4472 3641 4529 doctissimorum

2000 4546 2255 4599 virorum
2289 4549 2354 4598 D.
2390 4543 2678 4598 Francisci
2728 4542 3007 4595 Merronis
3055 4541 3269 4598 ibidem
3306 4546 3557 4599 cantoris
3591 4550 3647 4598 et

2002 4615 2264 4671 canonici
2296 4621 2353 4669 et
2401 4622 2467 4672 1).
2505 4615 2741 4670 Antonii
2791 4615 3128 4675 Baraudini,
3179 4616 3279 4685 qui
3329 4618 3647 4672 canonicus

2001 4693 2059 4741 et
2090 4688 2214 4756 ipse
2248 4686 2520 4758 beatique
2551 4686 2681 4743 Ursi
2716 4685 3143 4758 parochusest,
3189 4688 3469 4758 auspiciis
3496 4688 3643 4744 idem

2003 4759 2068 4813 R.
2102 4754 2164 4812 P.
2201 4754 2439 4813 Isaurus
2495 4765 2553 4814 et
2597 4754 2787 4812 caeteri
2838 4754 3150 4828 συμμύσται
3203 4754 3345 4813 mihi
3395 4766 3451 4814 et
3481 4760 3651 4814 disci-

2004 4831 2159 4900 pulis
2191 4830 2415 4899 aliquot
2447 4830 2590 4884 meis
2622 4829 3068 4884 exscribendum
3104 4830 3649 4887 tradiderunt.Sunt

2004 4918 2134 4956 vero
2162 4902 2302 4957 mihi
2336 4907 2393 4956 et
2439 4903 2724 4971 opuscula
2776 4901 2996 4967 aliquot
3053 4901 3204 4971 doct.
3246 4901 3496 4969 theologi
3543 4902 3644 4956 Ni-

2001 4972 2145 5028 colai
2180 4970 2542 5028 Bartolomtei
2574 4972 2934 5027 Lochiensis.
2970 4976 3030 5024 Β.
3066 4970 3319 5040 Virginis
3349 4974 3644 5042 evangeli-

2001 5060 2078 5099 σω
2116 5043 2267 5109 apud
2317 5044 2673 5111 Aurelianos,
2734 5043 2873 5096 dum
2936 5042 3171 5103 viveret,
3234 5043 3463 5097 abbatis
3521 5060 3646 5113 qua:

2003 5116 2113 5184 piis
2165 5116 2427 5170 moribus
2470 5119 2527 5170 et
2573 5115 2836 5168 doctrina
2894 5116 3258 5184 venerandus
3303 5118 3365 5167 D.
3411 5114 3649 5183 Stepha-

2000 5183 2112 5241 nus
2148 5186 2457 5250 Pavonius,
2490 5186 2552 5241 B.
2586 5184 2716 5241 Ursi
2769 5183 3166 5254 proparochus
3220 5184 3364 5238 mihi
3395 5187 3644 5239 commi-

2000 5259 2096 5325 sit,
2131 5274 2261 5328 quaa
2292 5273 2425 5312 cum
2465 5265 2612 5312 Deus
2644 5255 2797 5309 volet
2816 5255 3043 5328 Christo
3073 5254 3365 5325 Xylonico.
3390 5256 3648 5323 Enumis,

2000 5336 2055 5383 et
2087 5324 2303 5383 caeteris
2337 5328 2478 5382 tanti
2508 5329 2618 5382 viri
2646 5329 2767 5396 jam
2807 5324 3029 5395 pridem
3084 5324 3483 5394 prostantibus
3514 5328 3648 5382 scri-

2001 5401 2114 5471 ptis
2164 5402 2576 5471 ailjungentur.
2618 5398 2896 5471 Tacendse
2931 5411 3042 5471 non
3107 5398 3646 5471 sunt‘rbytbmicte

2002 5468 2209 5525 Latinae
2236 5468 2297 5524 in
2331 5470 2558 5529 singula
2590 5469 2797 5524 Biblici
2821 5468 3023 5537 organi
3050 5472 3247 5539 capita
3270 5469 3642 5539 hypotheses,

1998 5543 2214 5611 quibus
2266 5542 2644 5596 doctissimus
2688 5540 2797 5611 ille,
2840 5537 3128 5611 cmniibita
3168 5539 3233 5595 D.
3282 5537 3560 5596 Claudius
3611 5559 3645 5597 a

239 5595 1884 5688 60338385,"@1166'Saﬁciﬁiéirdastrinitas,fastigii
1920 5595 1963 5659 D
1997 5595 2174 5688 sese;
2197 5595 2594 5688 ‘pjeomeimi
2628 5595 2803 5688 Malui
2844 5610 3137 5688 dimcetes,
3179 5617 3234 5688 et
3263 5612 3322 5666 s.
3380 5595 3642 5688 galbani

236 5690 603 5759 hierarchita,
656 5684 1071 5759 Uomiuicoque
1111 5686 1399 5758 sepulcro,
1444 5684 1882 5743 illustrissimus

1996 5702 2079 5741 ne
2131 5684 2615 5756 Rothomagensis
2656 5683 2834 5755 prior,
2890 5681 3345 5754 monasteriique
3403 5682 3640 5741 Bellilo-
