  <div class='ocr_page' id='page_1' title='image "/cluster/home/n/w/nwhite01/storage/ocr_20150623/139/hvd.32044023361710/687.png"; bbox 0 0 4090 6192; ppageno 0'>
   <div class='ocr_carea' id='block_1_1' title="bbox 378 369 533 439">
    <p class='ocr_par' dir='ltr' id='par_1_1' title="bbox 378 369 533 439">
     <span class='ocr_line' id='line_1_1' title="bbox 378 369 533 439; baseline -0.006 -1"><span class='ocrx_word' id='word_1_1' title='bbox 378 369 533 439; x_wconf 79' lang='lat'><strong>1363</strong></span> 
     </span>
    </p>
   </div>
   <div class='ocr_carea' id='block_1_2' title="bbox 385 592 2035 671">
    <p class='ocr_par' dir='ltr' id='par_1_2' title="bbox 385 592 2035 671">
     <span class='ocr_line' id='line_1_2' title="bbox 385 592 2035 671; baseline -0.008 -15"><span class='ocrx_word' id='word_1_2' title='bbox 385 600 481 657; x_wconf 88' lang='lat' dir='ltr'><strong>hic</strong></span> <span class='ocrx_word' id='word_1_3' title='bbox 509 606 715 657; x_wconf 84' lang='lat' dir='ltr'><strong>Petrus</strong></span> <span class='ocrx_word' id='word_1_4' title='bbox 749 599 1236 671; x_wconf 86' lang='lat' dir='ltr'><strong>comprehensus,</strong></span> <span class='ocrx_word' id='word_1_5' title='bbox 1263 607 1317 652; x_wconf 90' lang='lat' dir='ltr'><strong>et</strong></span> <span class='ocrx_word' id='word_1_6' title='bbox 1339 598 1396 652; x_wconf 90' lang='lat' dir='ltr'><strong>in</strong></span> <span class='ocrx_word' id='word_1_7' title='bbox 1422 611 1682 652; x_wconf 82' lang='lat' dir='ltr'><strong>carceres</strong></span> <span class='ocrx_word' id='word_1_8' title='bbox 1713 592 2035 663; x_wconf 87' lang='lat' dir='ltr'><strong>conjectus,</strong></span> 
     </span>
    </p>
   </div>
   <div class='ocr_carea' id='block_1_3' title="bbox 389 673 2040 762">
    <p class='ocr_par' dir='ltr' id='par_1_3' title="bbox 389 673 2040 762">
     <span class='ocr_line' id='line_1_3' title="bbox 389 673 2040 762; baseline -0.008 -17"><span class='ocrx_word' id='word_1_9' title='bbox 389 694 562 762; x_wconf 89' lang='lat' dir='ltr'><strong>atque</strong></span> <span class='ocrx_word' id='word_1_10' title='bbox 589 691 733 746; x_wconf 80' lang='lat' dir='ltr'><strong>adeo</strong></span> <span class='ocrx_word' id='word_1_11' title='bbox 757 690 1003 758; x_wconf 78' lang='lat' dir='ltr'><strong>jamjam</strong></span> <span class='ocrx_word' id='word_1_12' title='bbox 1034 703 1064 743; x_wconf 91' lang='lat' dir='ltr'><strong>e</strong></span> <span class='ocrx_word' id='word_1_13' title='bbox 1096 683 1240 742; x_wconf 86' lang='lat' dir='ltr'><strong>vivis</strong></span> <span class='ocrx_word' id='word_1_14' title='bbox 1289 685 1632 742; x_wconf 82' lang='lat' dir='ltr'><strong>eximendus</strong></span> <span class='ocrx_word' id='word_1_15' title='bbox 1662 687 1837 746; x_wconf 89' lang='lat' dir='ltr'><strong>esset,</strong></span> <span class='ocrx_word' id='word_1_16' title='bbox 1867 673 2040 735; x_wconf 74' lang='lat' dir='ltr'><strong>Arius</strong></span> 
     </span>
    </p>
   </div>
   <div class='ocr_carea' id='block_1_4' title="bbox 385 765 2043 850">
    <p class='ocr_par' dir='ltr' id='par_1_4' title="bbox 385 765 2043 850">
     <span class='ocr_line' id='line_1_4' title="bbox 385 765 2043 850; baseline -0.007 -15"><span class='ocrx_word' id='word_1_17' title='bbox 385 781 689 837; x_wconf 77' lang='lat' dir='ltr'><strong>tristitiam</strong></span> <span class='ocrx_word' id='word_1_18' title='bbox 721 779 882 836; x_wconf 89' lang='lat' dir='ltr'><strong>vultu</strong></span> <span class='ocrx_word' id='word_1_19' title='bbox 911 796 1026 850; x_wconf 68' lang='lat' dir='ltr'><strong>prie</strong></span> <span class='ocrx_word' id='word_1_20' title='bbox 1057 795 1120 833; x_wconf 88' lang='lat' dir='ltr'><strong>se</strong></span> <span class='ocrx_word' id='word_1_21' title='bbox 1167 779 1356 834; x_wconf 84' lang='lat' dir='ltr'><strong>ferens</strong></span> <span class='ocrx_word' id='word_1_22' title='bbox 1409 792 1522 832; x_wconf 89' lang='lat' dir='ltr'><strong>una</strong></span> <span class='ocrx_word' id='word_1_23' title='bbox 1579 789 1716 832; x_wconf 90' lang='lat' dir='ltr'><strong>cum</strong></span> <span class='ocrx_word' id='word_1_24' title='bbox 1779 771 1932 828; x_wconf 89' lang='lat' dir='ltr'><strong>clero</strong></span> <span class='ocrx_word' id='word_1_25' title='bbox 1986 765 2043 824; x_wconf 85' lang='lat' dir='ltr'><strong>et</strong></span> 
     </span>
    </p>
   </div>
   <div class='ocr_carea' id='block_1_5' title="bbox 390 859 2039 940">
    <p class='ocr_par' dir='ltr' id='par_1_5' title="bbox 390 859 2039 940">
     <span class='ocr_line' id='line_1_5' title="bbox 390 859 2039 940; baseline -0.007 -15"><span class='ocrx_word' id='word_1_26' title='bbox 390 870 551 926; x_wconf 90' lang='lat' dir='ltr'><strong>omni</strong></span> <span class='ocrx_word' id='word_1_27' title='bbox 582 867 798 940; x_wconf 90' lang='lat' dir='ltr'><strong>populo</strong></span> <span class='ocrx_word' id='word_1_28' title='bbox 839 867 1189 924; x_wconf 74' lang='lat' dir='ltr'><strong>delictorum</strong></span> <span class='ocrx_word' id='word_1_29' title='bbox 1221 867 1451 923; x_wconf 80' lang='lat' dir='ltr'><strong>veniam</strong></span> <span class='ocrx_word' id='word_1_30' title='bbox 1482 867 1905 922; x_wconf 78' lang='lat' dir='ltr'><strong>consecuturus</strong></span> <span class='ocrx_word' id='word_1_31' title='bbox 1937 859 2039 914; x_wconf 70' lang='lat' dir='ltr'><strong>ad~</strong></span> 
     </span>
    </p>
   </div>
   <div class='ocr_carea' id='block_1_6' title="bbox 395 943 2045 1012">
    <p class='ocr_par' dir='ltr' id='par_1_6' title="bbox 395 943 2045 1012">
     <span class='ocr_line' id='line_1_6' title="bbox 395 943 2045 1012; baseline -0.006 0"><span class='ocrx_word' id='word_1_32' title='bbox 395 957 522 1012; x_wconf 82' lang='lat' dir='ltr'><strong>fuit.</strong></span> <span class='ocrx_word' id='word_1_33' title='bbox 555 959 628 1012; x_wconf 90' lang='lat' dir='ltr'><strong>At</strong></span> <span class='ocrx_word' id='word_1_34' title='bbox 658 957 742 1012; x_wconf 90' lang='lat' dir='ltr'><strong>vir</strong></span> <span class='ocrx_word' id='word_1_35' title='bbox 773 961 1014 1012; x_wconf 83' lang='lat' dir='ltr'><strong>sanctus</strong></span> <span class='ocrx_word' id='word_1_36' title='bbox 1063 969 1124 1011; x_wconf 85' lang='lat' dir='ltr'><strong>se</strong></span> <span class='ocrx_word' id='word_1_37' title='bbox 1179 954 1485 1010; x_wconf 88' lang='lat' dir='ltr'><strong>Dominum</strong></span> <span class='ocrx_word' id='word_1_38' title='bbox 1513 953 1570 1006; x_wconf 90' lang='lat' dir='ltr'><strong>in</strong></span> <span class='ocrx_word' id='word_1_39' title='bbox 1603 949 1827 1008; x_wconf 88' lang='lat' dir='ltr'><strong>somnis</strong></span> <span class='ocrx_word' id='word_1_40' title='bbox 1858 943 2045 1004; x_wconf 79' lang='lat' dir='ltr'><strong>forma</strong></span> 
     </span>
    </p>
   </div>
   <div class='ocr_carea' id='block_1_7' title="bbox 392 1037 2041 1118">
    <p class='ocr_par' dir='ltr' id='par_1_7' title="bbox 392 1037 2041 1118">
     <span class='ocr_line' id='line_1_7' title="bbox 392 1037 2041 1118; baseline -0.007 -16"><span class='ocrx_word' id='word_1_41' title='bbox 392 1045 556 1118; x_wconf 88' lang='lat' dir='ltr'><strong>pueri</strong></span> <span class='ocrx_word' id='word_1_42' title='bbox 585 1045 803 1102; x_wconf 87' lang='lat' dir='ltr'><strong>vidisse</strong></span> <span class='ocrx_word' id='word_1_43' title='bbox 833 1045 1149 1114; x_wconf 81' lang='lat' dir='ltr'><strong>asserebat,</strong></span> <span class='ocrx_word' id='word_1_44' title='bbox 1183 1045 1283 1114; x_wconf 87' lang='lat' dir='ltr'><strong>qui</strong></span> <span class='ocrx_word' id='word_1_45' title='bbox 1346 1043 1528 1099; x_wconf 89' lang='lat' dir='ltr'><strong>solem</strong></span> <span class='ocrx_word' id='word_1_46' title='bbox 1580 1041 1814 1112; x_wconf 86' lang='lat' dir='ltr'><strong>quidem</strong></span> <span class='ocrx_word' id='word_1_47' title='bbox 1846 1037 2041 1110; x_wconf 85' lang='lat' dir='ltr'><strong>splen-</strong></span> 
     </span>
    </p>
   </div>
   <div class='ocr_carea' id='block_1_8' title="bbox 395 1127 2044 1208">
    <p class='ocr_par' dir='ltr' id='par_1_8' title="bbox 395 1127 2044 1208">
     <span class='ocr_line' id='line_1_8' title="bbox 395 1127 2044 1208; baseline -0.005 -18"><span class='ocrx_word' id='word_1_48' title='bbox 395 1137 536 1191; x_wconf 92' lang='lat' dir='ltr'><strong>dore</strong></span> <span class='ocrx_word' id='word_1_49' title='bbox 569 1141 896 1208; x_wconf 81' lang='lat' dir='ltr'><strong>superaret,</strong></span> <span class='ocrx_word' id='word_1_50' title='bbox 929 1134 1132 1190; x_wconf 88' lang='lat' dir='ltr'><strong>tunica</strong></span> <span class='ocrx_word' id='word_1_51' title='bbox 1181 1139 1368 1188; x_wconf 88' lang='lat' dir='ltr'><strong>autem</strong></span> <span class='ocrx_word' id='word_1_52' title='bbox 1402 1149 1433 1187; x_wconf 88' lang='lat' dir='ltr'><strong>a</strong></span> <span class='ocrx_word' id='word_1_53' title='bbox 1493 1145 1724 1186; x_wconf 90' lang='lat' dir='ltr'><strong>summo</strong></span> <span class='ocrx_word' id='word_1_54' title='bbox 1755 1129 1824 1184; x_wconf 89' lang='lat' dir='ltr'><strong>ad</strong></span> <span class='ocrx_word' id='word_1_55' title='bbox 1858 1127 2044 1182; x_wconf 87' lang='lat' dir='ltr'><strong>imum</strong></span> 
     </span>
    </p>
   </div>
   <div class='ocr_carea' id='block_1_9' title="bbox 397 1218 2044 1294">
    <p class='ocr_par' dir='ltr' id='par_1_9' title="bbox 397 1218 2044 1294">
     <span class='ocr_line' id='line_1_9' title="bbox 397 1218 2044 1294; baseline -0.006 -14"><span class='ocrx_word' id='word_1_56' title='bbox 397 1225 588 1282; x_wconf 87' lang='lat' dir='ltr'><strong>lacera</strong></span> <span class='ocrx_word' id='word_1_57' title='bbox 613 1225 857 1279; x_wconf 87' lang='lat' dir='ltr'><strong>indutus</strong></span> <span class='ocrx_word' id='word_1_58' title='bbox 889 1229 1062 1292; x_wconf 81' lang='lat' dir='ltr'><strong>esset,</strong></span> <span class='ocrx_word' id='word_1_59' title='bbox 1089 1227 1260 1294; x_wconf 87' lang='lat' dir='ltr'><strong>atque</strong></span> <span class='ocrx_word' id='word_1_60' title='bbox 1289 1225 1360 1277; x_wconf 89' lang='lat' dir='ltr'><strong>ab</strong></span> <span class='ocrx_word' id='word_1_61' title='bbox 1411 1238 1476 1276; x_wconf 91' lang='lat' dir='ltr'><strong>eo</strong></span> <span class='ocrx_word' id='word_1_62' title='bbox 1517 1220 1833 1291; x_wconf 85' lang='lat' dir='ltr'><strong>accepisse,</strong></span> <span class='ocrx_word' id='word_1_63' title='bbox 1895 1218 2044 1271; x_wconf 90' lang='lat' dir='ltr'><strong>tuni-</strong></span> 
     </span>
    </p>
   </div>
   <div class='ocr_carea' id='block_1_10' title="bbox 399 1308 2042 1372">
    <p class='ocr_par' dir='ltr' id='par_1_10' title="bbox 399 1308 2042 1372">
     <span class='ocr_line' id='line_1_10' title="bbox 399 1308 2042 1372; baseline -0.006 -2"><span class='ocrx_word' id='word_1_64' title='bbox 399 1331 528 1370; x_wconf 89' lang='lat' dir='ltr'><strong>cam</strong></span> <span class='ocrx_word' id='word_1_65' title='bbox 559 1330 719 1369; x_wconf 84' lang='lat' dir='ltr'><strong>suam</strong></span> <span class='ocrx_word' id='word_1_66' title='bbox 755 1314 825 1366; x_wconf 89' lang='lat' dir='ltr'><strong>ab</strong></span> <span class='ocrx_word' id='word_1_67' title='bbox 857 1312 988 1367; x_wconf 82' lang='lat' dir='ltr'><strong>Ario</strong></span> <span class='ocrx_word' id='word_1_68' title='bbox 1023 1313 1175 1366; x_wconf 90' lang='lat' dir='ltr'><strong>hunc</strong></span> <span class='ocrx_word' id='word_1_69' title='bbox 1207 1312 1260 1365; x_wconf 91' lang='lat' dir='ltr'><strong>in</strong></span> <span class='ocrx_word' id='word_1_70' title='bbox 1285 1311 1522 1366; x_wconf 88' lang='lat' dir='ltr'><strong>modum</strong></span> <span class='ocrx_word' id='word_1_71' title='bbox 1547 1308 1860 1363; x_wconf 87' lang='lat' dir='ltr'><strong>dissectam</strong></span> <span class='ocrx_word' id='word_1_72' title='bbox 1895 1323 2042 1372; x_wconf 87' lang='lat' dir='ltr'><strong>esse,</strong></span> 
     </span>
    </p>
   </div>
   <div class='ocr_carea' id='block_1_11' title="bbox 397 1397 2048 1472">
    <p class='ocr_par' dir='ltr' id='par_1_11' title="bbox 397 1397 2048 1472">
     <span class='ocr_line' id='line_1_11' title="bbox 397 1397 2048 1472; baseline -0.005 -16"><span class='ocrx_word' id='word_1_73' title='bbox 397 1403 481 1458; x_wconf 85' lang='lat' dir='ltr'><strong>ita</strong></span> <span class='ocrx_word' id='word_1_74' title='bbox 513 1407 576 1456; x_wconf 90' lang='lat' dir='ltr'><strong>ut</strong></span> <span class='ocrx_word' id='word_1_75' title='bbox 607 1401 717 1456; x_wconf 91' lang='lat' dir='ltr'><strong>hoc</strong></span> <span class='ocrx_word' id='word_1_76' title='bbox 747 1401 906 1456; x_wconf 90' lang='lat' dir='ltr'><strong>velut</strong></span> <span class='ocrx_word' id='word_1_77' title='bbox 935 1400 1243 1472; x_wconf 70' lang='lat' dir='ltr'><strong>aenigmate</strong></span> <span class='ocrx_word' id='word_1_78' title='bbox 1274 1400 1522 1455; x_wconf 88' lang='lat' dir='ltr'><strong>scelesta</strong></span> <span class='ocrx_word' id='word_1_79' title='bbox 1559 1397 1718 1452; x_wconf 89' lang='lat' dir='ltr'><strong>illius</strong></span> <span class='ocrx_word' id='word_1_80' title='bbox 1775 1398 2048 1467; x_wconf 90' lang='lat' dir='ltr'><strong>dogmata</strong></span> 
     </span>
    </p>
   </div>
   <div class='ocr_carea' id='block_1_12' title="bbox 401 1484 2048 1563">
    <p class='ocr_par' dir='ltr' id='par_1_12' title="bbox 401 1484 2048 1563">
     <span class='ocr_line' id='line_1_12' title="bbox 401 1484 2048 1563; baseline -0.005 -16"><span class='ocrx_word' id='word_1_81' title='bbox 401 1491 780 1563; x_wconf 86' lang='lat' dir='ltr'><strong>signiﬁcaret,</strong></span> <span class='ocrx_word' id='word_1_82' title='bbox 816 1490 1034 1562; x_wconf 88' lang='lat' dir='ltr'><strong>quibus</strong></span> <span class='ocrx_word' id='word_1_83' title='bbox 1081 1496 1264 1545; x_wconf 91' lang='lat' dir='ltr'><strong>Deum</strong></span> <span class='ocrx_word' id='word_1_84' title='bbox 1320 1489 1578 1543; x_wconf 85' lang='lat' dir='ltr'><strong>Verbum</strong></span> <span class='ocrx_word' id='word_1_85' title='bbox 1612 1503 1645 1542; x_wconf 86' lang='lat' dir='ltr'><strong>a</strong></span> <span class='ocrx_word' id='word_1_86' title='bbox 1692 1486 1880 1542; x_wconf 85' lang='lat' dir='ltr'><strong>Patris</strong></span> <span class='ocrx_word' id='word_1_87' title='bbox 1913 1484 2048 1539; x_wconf 90' lang='lat' dir='ltr'><strong>sub-</strong></span> 
     </span>
    </p>
   </div>
   <div class='ocr_carea' id='block_1_13' title="bbox 401 1581 1309 1636">
    <p class='ocr_par' dir='ltr' id='par_1_13' title="bbox 401 1581 1309 1636">
     <span class='ocr_line' id='line_1_13' title="bbox 401 1581 1309 1636; baseline -0.001 1"><span class='ocrx_word' id='word_1_88' title='bbox 401 1581 620 1636; x_wconf 84' lang='lat' dir='ltr'><strong>stantia</strong></span> <span class='ocrx_word' id='word_1_89' title='bbox 653 1595 955 1636; x_wconf 87' lang='lat' dir='ltr'><strong>secernere</strong></span> <span class='ocrx_word' id='word_1_90' title='bbox 986 1587 1309 1636; x_wconf 80' lang='lat' dir='ltr'><strong>conaretur.</strong></span> 
     </span>
    </p>
   </div>
   <div class='ocr_carea' id='block_1_14' title="bbox 477 1661 2052 1734">
    <p class='ocr_par' dir='ltr' id='par_1_14' title="bbox 477 1661 2052 1734">
     <span class='ocr_line' id='line_1_14' title="bbox 477 1661 2052 1734; baseline -0.005 -10"><span class='ocrx_word' id='word_1_91' title='bbox 477 1670 575 1724; x_wconf 80' lang='lat' dir='ltr'><strong>llis</strong></span> <span class='ocrx_word' id='word_1_92' title='bbox 609 1670 799 1724; x_wconf 88' lang='lat' dir='ltr'><strong>verbis</strong></span> <span class='ocrx_word' id='word_1_93' title='bbox 833 1672 1064 1723; x_wconf 90' lang='lat' dir='ltr'><strong>sanctus</strong></span> <span class='ocrx_word' id='word_1_94' title='bbox 1096 1665 1194 1721; x_wconf 90' lang='lat' dir='ltr'><strong>ille</strong></span> <span class='ocrx_word' id='word_1_95' title='bbox 1217 1667 1305 1722; x_wconf 90' lang='lat' dir='ltr'><strong>vir</strong></span> <span class='ocrx_word' id='word_1_96' title='bbox 1334 1665 1537 1720; x_wconf 87' lang='lat' dir='ltr'><strong>Arium</strong></span> <span class='ocrx_word' id='word_1_97' title='bbox 1559 1681 1591 1718; x_wconf 85' lang='lat' dir='ltr'><strong>a</strong></span> <span class='ocrx_word' id='word_1_98' title='bbox 1621 1662 1836 1718; x_wconf 79' lang='lat' dir='ltr'><strong>Christi</strong></span> <span class='ocrx_word' id='word_1_99' title='bbox 1867 1661 2052 1734; x_wconf 85' lang='lat' dir='ltr'><strong>gloria</strong></span> 
     </span>
    </p>
   </div>
   <div class='ocr_carea' id='block_1_15' title="bbox 402 1753 2050 1814">
    <p class='ocr_par' dir='ltr' id='par_1_15' title="bbox 402 1753 2050 1814">
     <span class='ocr_line' id='line_1_15' title="bbox 402 1753 2050 1814; baseline -0.006 0"><span class='ocrx_word' id='word_1_100' title='bbox 402 1763 460 1814; x_wconf 90' lang='lat' dir='ltr'><strong>et</strong></span> <span class='ocrx_word' id='word_1_101' title='bbox 491 1760 549 1813; x_wconf 93' lang='lat' dir='ltr'><strong>in</strong></span> <span class='ocrx_word' id='word_1_102' title='bbox 582 1759 689 1813; x_wconf 90' lang='lat' dir='ltr'><strong>hoc</strong></span> <span class='ocrx_word' id='word_1_103' title='bbox 721 1763 776 1814; x_wconf 90' lang='lat' dir='ltr'><strong>et</strong></span> <span class='ocrx_word' id='word_1_104' title='bbox 807 1758 865 1811; x_wconf 91' lang='lat' dir='ltr'><strong>in</strong></span> <span class='ocrx_word' id='word_1_105' title='bbox 901 1759 1094 1812; x_wconf 88' lang='lat' dir='ltr'><strong>futuro</strong></span> <span class='ocrx_word' id='word_1_106' title='bbox 1127 1755 1334 1810; x_wconf 81' lang='lat' dir='ltr'><strong>saeculo</strong></span> <span class='ocrx_word' id='word_1_107' title='bbox 1368 1755 1622 1810; x_wconf 88' lang='lat' dir='ltr'><strong>alienum</strong></span> <span class='ocrx_word' id='word_1_108' title='bbox 1658 1753 1776 1808; x_wconf 84' lang='lat' dir='ltr'><strong>fore</strong></span> <span class='ocrx_word' id='word_1_109' title='bbox 1826 1753 2050 1807; x_wconf 85' lang='lat' dir='ltr'><strong>demon-</strong></span> 
     </span>
    </p>
   </div>
   <div class='ocr_carea' id='block_1_16' title="bbox 1684 354 2473 433">
    <p class='ocr_par' dir='ltr' id='par_1_16' title="bbox 1684 354 2473 433">
     <span class='ocr_line' id='line_1_16' title="bbox 1684 354 2473 433; baseline -0.01 0"><span class='ocrx_word' id='word_1_110' title='bbox 1684 363 2002 433; x_wconf 70' lang='lat' dir='ltr'><strong>NICETJE</strong></span> <span class='ocrx_word' id='word_1_111' title='bbox 2041 354 2473 428; x_wconf 67' lang='lat' dir='ltr'><strong>GHONIATE</strong></span> 
     </span>
    </p>
   </div>
   <div class='ocr_carea' id='block_1_17' title="bbox 454 490 2124 580">
    <p class='ocr_par' dir='ltr' id='par_1_17' title="bbox 454 490 2124 580">
     <span class='ocr_line' id='line_1_17' title="bbox 454 490 2124 580; baseline -0.009 -12"><span class='ocrx_word' id='word_1_112' title='bbox 454 508 596 568; x_wconf 86' lang='lat' dir='ltr'><strong>Cum</strong></span> <span class='ocrx_word' id='word_1_113' title='bbox 629 515 825 568; x_wconf 90' lang='lat' dir='ltr'><strong>autem</strong></span> <span class='ocrx_word' id='word_1_114' title='bbox 857 503 1199 566; x_wconf 82' lang='lat' dir='ltr'><strong>Maximiani</strong></span> <span class='ocrx_word' id='word_1_115' title='bbox 1235 506 1608 580; x_wconf 87' lang='lat' dir='ltr'><strong>imperatoris</strong></span> <span class='ocrx_word' id='word_1_116' title='bbox 1630 506 1802 576; x_wconf 83' lang='lat' dir='ltr'><strong>jussu</strong></span> <span class='ocrx_word' id='word_1_117' title='bbox 1831 503 2041 558; x_wconf 91' lang='lat' dir='ltr'><strong>beatus</strong></span> <span class='ocrx_word' id='word_1_118' title='bbox 2069 490 2124 566; x_wconf 73' lang='grc' dir='ltr'><strong>Α</strong></span> 
     </span>
    </p>
   </div>
   <div class='ocr_carea' id='block_1_18' title="bbox 3644 369 3803 429">
    <p class='ocr_par' dir='ltr' id='par_1_18' title="bbox 3644 369 3803 429">
     <span class='ocr_line' id='line_1_18' title="bbox 3644 369 3803 429; baseline 0.006 -1"><span class='ocrx_word' id='word_1_119' title='bbox 3644 369 3803 429; x_wconf 71' lang='grc'><strong>1364</strong></span> 
     </span>
    </p>
   </div>
   <div class='ocr_carea' id='block_1_19' title="bbox 2846 495 3108 555">
    <p class='ocr_par' dir='ltr' id='par_1_19' title="bbox 2846 495 3108 555">
     <span class='ocr_line' id='line_1_19' title="bbox 2846 495 3108 555; baseline 0.008 -3"><span class='ocrx_word' id='word_1_120' title='bbox 2846 495 3000 553; x_wconf 87' lang='lat' dir='ltr'><strong>CAP.</strong></span> <span class='ocrx_word' id='word_1_121' title='bbox 3037 499 3108 555; x_wconf 88' lang='lat' dir='ltr'><strong>Il.</strong></span> 
     </span>
    </p>
   </div>
   <div class='ocr_carea' id='block_1_20' title="bbox 2319 587 3630 656">
    <p class='ocr_par' dir='ltr' id='par_1_20' title="bbox 2319 587 3630 656">
     <span class='ocr_line' id='line_1_20' title="bbox 2319 587 3630 656; baseline 0.003 -14"><span class='ocrx_word' id='word_1_122' title='bbox 2319 591 2706 642; x_wconf 76' lang='lat' dir='ltr'><strong>Perversorum</strong></span> <span class='ocrx_word' id='word_1_123' title='bbox 2737 587 2866 642; x_wconf 81' lang='lat' dir='ltr'><strong>Arii</strong></span> <span class='ocrx_word' id='word_1_124' title='bbox 2912 587 3226 656; x_wconf 76' lang='lat' dir='ltr'><strong>dogmatum</strong></span> <span class='ocrx_word' id='word_1_125' title='bbox 3256 593 3630 646; x_wconf 73' lang='lat' dir='ltr'><strong>enumeratio.</strong></span> 
     </span>
    </p>
   </div>
   <div class='ocr_carea' id='block_1_21' title="bbox 2219 677 3806 746">
    <p class='ocr_par' dir='ltr' id='par_1_21' title="bbox 2219 677 3806 746">
     <span class='ocr_line' id='line_1_21' title="bbox 2219 677 3806 746; baseline 0.003 -14"><span class='ocrx_word' id='word_1_126' title='bbox 2219 677 2454 746; x_wconf 83' lang='lat' dir='ltr'><strong>Septem</strong></span> <span class='ocrx_word' id='word_1_127' title='bbox 2537 691 2704 746; x_wconf 91' lang='lat' dir='ltr'><strong>porro</strong></span> <span class='ocrx_word' id='word_1_128' title='bbox 2782 685 3014 732; x_wconf 81' lang='lat' dir='ltr'><strong>menses</strong></span> <span class='ocrx_word' id='word_1_129' title='bbox 3106 679 3573 745; x_wconf 82' lang='lat' dir='ltr'><strong>interﬂuxerant,</strong></span> <span class='ocrx_word' id='word_1_130' title='bbox 3665 699 3806 736; x_wconf 85' lang='lat' dir='ltr'><strong>cum</strong></span> 
     </span>
    </p>
   </div>
   <div class='ocr_carea' id='block_1_22' title="bbox 2145 755 3814 840">
    <p class='ocr_par' dir='ltr' id='par_1_22' title="bbox 2145 755 3814 840">
     <span class='ocr_line' id='line_1_22' title="bbox 2145 755 3814 840; baseline 0.003 -21"><span class='ocrx_word' id='word_1_131' title='bbox 2145 755 2377 819; x_wconf 86' lang='lat' dir='ltr'><strong>Achilla</strong></span> <span class='ocrx_word' id='word_1_132' title='bbox 2406 771 2650 831; x_wconf 82' lang='lat' dir='ltr'><strong>mortuo,</strong></span> <span class='ocrx_word' id='word_1_133' title='bbox 2694 759 3020 820; x_wconf 81' lang='lat' dir='ltr'><strong>Alexandro</strong></span> <span class='ocrx_word' id='word_1_134' title='bbox 3069 765 3340 822; x_wconf 68' lang='lat' dir='ltr'><strong>Ecclesiae</strong></span> <span class='ocrx_word' id='word_1_135' title='bbox 3399 769 3814 840; x_wconf 75' lang='lat' dir='ltr'><strong>gubernacula</strong></span> 
     </span>
    </p>
   </div>
   <div class='ocr_carea' id='block_1_23' title="bbox 2149 853 3812 925">
    <p class='ocr_par' dir='ltr' id='par_1_23' title="bbox 2149 853 3812 925">
     <span class='ocr_line' id='line_1_23' title="bbox 2149 853 3812 925; baseline 0.002 -15"><span class='ocrx_word' id='word_1_136' title='bbox 2149 853 2462 910; x_wconf 86' lang='lat' dir='ltr'><strong>commissa</strong></span> <span class='ocrx_word' id='word_1_137' title='bbox 2494 857 2655 908; x_wconf 84' lang='lat' dir='ltr'><strong>sunt.</strong></span> <span class='ocrx_word' id='word_1_138' title='bbox 2689 855 2768 908; x_wconf 86' lang='lat' dir='ltr'><strong>Ex</strong></span> <span class='ocrx_word' id='word_1_139' title='bbox 2805 871 2918 924; x_wconf 87' lang='lat' dir='ltr'><strong>quo</strong></span> <span class='ocrx_word' id='word_1_140' title='bbox 2947 855 3158 925; x_wconf 81' lang='lat' dir='ltr'><strong>evenit,</strong></span> <span class='ocrx_word' id='word_1_141' title='bbox 3189 859 3254 910; x_wconf 89' lang='lat' dir='ltr'><strong>ut</strong></span> <span class='ocrx_word' id='word_1_142' title='bbox 3286 857 3465 914; x_wconf 84' lang='lat' dir='ltr'><strong>Arius</strong></span> <span class='ocrx_word' id='word_1_143' title='bbox 3519 874 3658 913; x_wconf 89' lang='lat' dir='ltr'><strong>cum</strong></span> <span class='ocrx_word' id='word_1_144' title='bbox 3719 859 3812 913; x_wconf 87' lang='lat' dir='ltr'><strong>in-</strong></span> 
     </span>
    </p>
   </div>
   <div class='ocr_carea' id='block_1_24' title="bbox 2147 935 3812 1018">
    <p class='ocr_par' dir='ltr' id='par_1_24' title="bbox 2147 935 3812 1018">
     <span class='ocr_line' id='line_1_24' title="bbox 2147 935 3812 1018; baseline 0.004 -22"><span class='ocrx_word' id='word_1_145' title='bbox 2147 935 2361 998; x_wconf 85' lang='lat' dir='ltr'><strong>vidiam</strong></span> <span class='ocrx_word' id='word_1_146' title='bbox 2400 943 2544 998; x_wconf 83' lang='lat' dir='ltr'><strong>ferre</strong></span> <span class='ocrx_word' id='word_1_147' title='bbox 2577 953 2692 997; x_wconf 87' lang='lat' dir='ltr'><strong>non</strong></span> <span class='ocrx_word' id='word_1_148' title='bbox 2753 947 2974 1014; x_wconf 86' lang='lat' dir='ltr'><strong>posset,</strong></span> <span class='ocrx_word' id='word_1_149' title='bbox 3031 945 3422 1000; x_wconf 85' lang='lat' dir='ltr'><strong>contentionis</strong></span> <span class='ocrx_word' id='word_1_150' title='bbox 3473 950 3531 1000; x_wconf 85' lang='lat' dir='ltr'><strong>et</strong></span> <span class='ocrx_word' id='word_1_151' title='bbox 3596 963 3812 1018; x_wconf 76' lang='lat' dir='ltr'><strong>pugna:</strong></span> 
     </span>
    </p>
   </div>
   <div class='ocr_carea' id='block_1_25' title="bbox 2149 1030 3814 1102">
    <p class='ocr_par' dir='ltr' id='par_1_25' title="bbox 2149 1030 3814 1102">
     <span class='ocr_line' id='line_1_25' title="bbox 2149 1030 3814 1102; baseline 0.004 -17"><span class='ocrx_word' id='word_1_152' title='bbox 2149 1030 2491 1086; x_wconf 83' lang='lat' dir='ltr'><strong>occasiones</strong></span> <span class='ocrx_word' id='word_1_153' title='bbox 2513 1035 2816 1102; x_wconf 68' lang='lat' dir='ltr'><strong>quaereret.</strong></span> <span class='ocrx_word' id='word_1_154' title='bbox 2851 1031 3028 1094; x_wconf 86' lang='lat' dir='ltr'><strong>Quem</strong></span> <span class='ocrx_word' id='word_1_155' title='bbox 3064 1049 3196 1086; x_wconf 91' lang='lat' dir='ltr'><strong>cum</strong></span> <span class='ocrx_word' id='word_1_156' title='bbox 3223 1032 3491 1088; x_wconf 68' lang='lat' dir='ltr'><strong>Ecclesiae</strong></span> <span class='ocrx_word' id='word_1_157' title='bbox 3520 1035 3814 1091; x_wconf 86' lang='lat' dir='ltr'><strong>subiisset</strong></span> 
     </span>
    </p>
   </div>
   <div class='ocr_carea' id='block_1_26' title="bbox 2151 1117 3804 1193">
    <p class='ocr_par' dir='ltr' id='par_1_26' title="bbox 2151 1117 3804 1193">
     <span class='ocr_line' id='line_1_26' title="bbox 2151 1117 3804 1193; baseline 0.003 -19"><span class='ocrx_word' id='word_1_158' title='bbox 2151 1117 2547 1190; x_wconf 78' lang='lat' dir='ltr'><strong>adversarius,</strong></span> <span class='ocrx_word' id='word_1_159' title='bbox 2575 1136 2641 1174; x_wconf 92' lang='lat' dir='ltr'><strong>eo</strong></span> <span class='ocrx_word' id='word_1_160' title='bbox 2677 1119 2840 1174; x_wconf 90' lang='lat' dir='ltr'><strong>illum</strong></span> <span class='ocrx_word' id='word_1_161' title='bbox 2875 1120 3138 1190; x_wconf 79' lang='lat' dir='ltr'><strong>adduxit,</strong></span> <span class='ocrx_word' id='word_1_162' title='bbox 3182 1125 3246 1176; x_wconf 91' lang='lat' dir='ltr'><strong>ut</strong></span> <span class='ocrx_word' id='word_1_163' title='bbox 3275 1123 3617 1193; x_wconf 88' lang='lat' dir='ltr'><strong>apostolicis</strong></span> <span class='ocrx_word' id='word_1_164' title='bbox 3671 1125 3804 1179; x_wconf 83' lang='lat' dir='ltr'><strong>Ale—</strong></span> 
     </span>
    </p>
   </div>
   <div class='ocr_carea' id='block_1_27' title="bbox 2149 1209 3812 1283">
    <p class='ocr_par' dir='ltr' id='par_1_27' title="bbox 2149 1209 3812 1283">
     <span class='ocr_line' id='line_1_27' title="bbox 2149 1209 3812 1283; baseline 0.004 -21"><span class='ocrx_word' id='word_1_165' title='bbox 2149 1210 2356 1263; x_wconf 88' lang='lat' dir='ltr'><strong>xandri</strong></span> <span class='ocrx_word' id='word_1_166' title='bbox 2409 1209 2658 1264; x_wconf 90' lang='lat' dir='ltr'><strong>decretis</strong></span> <span class='ocrx_word' id='word_1_167' title='bbox 2719 1211 3150 1279; x_wconf 82' lang='lat' dir='ltr'><strong>adversaretur,</strong></span> <span class='ocrx_word' id='word_1_168' title='bbox 3182 1215 3239 1266; x_wconf 89' lang='lat' dir='ltr'><strong>et</strong></span> <span class='ocrx_word' id='word_1_169' title='bbox 3286 1212 3666 1283; x_wconf 87' lang='lat' dir='ltr'><strong>impudenter</strong></span> <span class='ocrx_word' id='word_1_170' title='bbox 3724 1233 3812 1268; x_wconf 62' lang='lat' dir='ltr'><strong>as-</strong></span> 
     </span>
    </p>
   </div>
   <div class='ocr_carea' id='block_1_28' title="bbox 2151 1298 3810 1370">
    <p class='ocr_par' dir='ltr' id='par_1_28' title="bbox 2151 1298 3810 1370">
     <span class='ocr_line' id='line_1_28' title="bbox 2151 1298 3810 1370; baseline 0.002 -16"><span class='ocrx_word' id='word_1_171' title='bbox 2151 1298 2405 1366; x_wconf 81' lang='lat' dir='ltr'><strong>sereret(</strong></span> <span class='ocrx_word' id='word_1_172' title='bbox 2442 1301 2502 1353; x_wconf 90' lang='lat' dir='ltr'><strong>ut</strong></span> <span class='ocrx_word' id='word_1_173' title='bbox 2531 1315 2598 1353; x_wconf 85' lang='lat' dir='ltr'><strong>ex</strong></span> <span class='ocrx_word' id='word_1_174' title='bbox 2630 1299 2818 1369; x_wconf 87' lang='lat' dir='ltr'><strong>ipsius</strong></span> <span class='ocrx_word' id='word_1_175' title='bbox 2871 1299 3180 1354; x_wconf 84' lang='lat' dir='ltr'><strong>Alexandri</strong></span> <span class='ocrx_word' id='word_1_176' title='bbox 3229 1301 3496 1370; x_wconf 79' lang='lat' dir='ltr'><strong>Epistula</strong></span> <span class='ocrx_word' id='word_1_177' title='bbox 3556 1303 3626 1357; x_wconf 92' lang='lat' dir='ltr'><strong>ad</strong></span> <span class='ocrx_word' id='word_1_178' title='bbox 3681 1305 3810 1357; x_wconf 86' lang='lat' dir='ltr'><strong>uni-</strong></span> 
     </span>
    </p>
   </div>
   <div class='ocr_carea' id='block_1_29' title="bbox 2149 1387 3813 1464">
    <p class='ocr_par' dir='ltr' id='par_1_29' title="bbox 2149 1387 3813 1464">
     <span class='ocr_line' id='line_1_29' title="bbox 2149 1387 3813 1464; baseline 0.002 -20"><span class='ocrx_word' id='word_1_179' title='bbox 2149 1405 2347 1444; x_wconf 86' lang='lat' dir='ltr'><strong>versos</strong></span> <span class='ocrx_word' id='word_1_180' title='bbox 2377 1387 2681 1458; x_wconf 89' lang='lat' dir='ltr'><strong>episcopos</strong></span> <span class='ocrx_word' id='word_1_181' title='bbox 2714 1393 2964 1454; x_wconf 87' lang='lat' dir='ltr'><strong>constat,</strong></span> <span class='ocrx_word' id='word_1_182' title='bbox 3016 1390 3186 1458; x_wconf 87' lang='lat' dir='ltr'><strong>cujus</strong></span> <span class='ocrx_word' id='word_1_183' title='bbox 3237 1392 3533 1460; x_wconf 83' lang='lat' dir='ltr'><strong>exemplar</strong></span> <span class='ocrx_word' id='word_1_184' title='bbox 3564 1394 3813 1464; x_wconf 83' lang='lat' dir='ltr'><strong>scriptis</strong></span> 
     </span>
    </p>
   </div>
   <div class='ocr_carea' id='block_1_30' title="bbox 2154 1479 3814 1552">
    <p class='ocr_par' dir='ltr' id='par_1_30' title="bbox 2154 1479 3814 1552">
     <span class='ocr_line' id='line_1_30' title="bbox 2154 1479 3814 1552; baseline 0.002 -18"><span class='ocrx_word' id='word_1_185' title='bbox 2154 1479 2279 1534; x_wconf 90' lang='lat' dir='ltr'><strong>suis</strong></span> <span class='ocrx_word' id='word_1_186' title='bbox 2326 1479 2676 1534; x_wconf 85' lang='lat' dir='ltr'><strong>Sozomenus</strong></span> <span class='ocrx_word' id='word_1_187' title='bbox 2719 1481 2776 1532; x_wconf 86' lang='lat' dir='ltr'><strong>et</strong></span> <span class='ocrx_word' id='word_1_188' title='bbox 2811 1479 3076 1534; x_wconf 84' lang='lat' dir='ltr'><strong>Socrates</strong></span> <span class='ocrx_word' id='word_1_189' title='bbox 3128 1480 3528 1552; x_wconf 84' lang='lat' dir='ltr'><strong>inseruerunt)</strong></span> <span class='ocrx_word' id='word_1_190' title='bbox 3593 1483 3814 1546; x_wconf 88' lang='lat' dir='ltr'><strong>Deum,</strong></span> 
     </span>
    </p>
   </div>
   <div class='ocr_carea' id='block_1_31' title="bbox 2154 1566 3816 1641">
    <p class='ocr_par' dir='ltr' id='par_1_31' title="bbox 2154 1566 3816 1641">
     <span class='ocr_line' id='line_1_31' title="bbox 2154 1566 3816 1641; baseline 0.001 -17"><span class='ocrx_word' id='word_1_191' title='bbox 2154 1569 2378 1624; x_wconf 88' lang='lat' dir='ltr'><strong>Patrem</strong></span> <span class='ocrx_word' id='word_1_192' title='bbox 2415 1583 2524 1622; x_wconf 90' lang='lat' dir='ltr'><strong>non</strong></span> <span class='ocrx_word' id='word_1_193' title='bbox 2558 1583 2788 1636; x_wconf 85' lang='lat' dir='ltr'><strong>semper</strong></span> <span class='ocrx_word' id='word_1_194' title='bbox 2818 1566 3017 1634; x_wconf 77' lang='lat' dir='ltr'><strong>fuisse,</strong></span> <span class='ocrx_word' id='word_1_195' title='bbox 3051 1569 3153 1623; x_wconf 88' lang='lat' dir='ltr'><strong>sed</strong></span> <span class='ocrx_word' id='word_1_196' title='bbox 3195 1575 3428 1641; x_wconf 88' lang='lat' dir='ltr'><strong>tempus</strong></span> <span class='ocrx_word' id='word_1_197' title='bbox 3489 1571 3816 1636; x_wconf 81' lang='lat' dir='ltr'><strong>exstitisse,</strong></span> 
     </span>
    </p>
   </div>
   <div class='ocr_carea' id='block_1_32' title="bbox 2155 1655 3052 1728">
    <p class='ocr_par' dir='ltr' id='par_1_32' title="bbox 2155 1655 3052 1728">
     <span class='ocr_line' id='line_1_32' title="bbox 2155 1655 3052 1728; baseline 0 -18"><span class='ocrx_word' id='word_1_198' title='bbox 2155 1674 2269 1728; x_wconf 90' lang='lat' dir='ltr'><strong>quo</strong></span> <span class='ocrx_word' id='word_1_199' title='bbox 2301 1657 2478 1724; x_wconf 89' lang='lat' dir='ltr'><strong>Deus,</strong></span> <span class='ocrx_word' id='word_1_200' title='bbox 2509 1656 2678 1712; x_wconf 80' lang='lat' dir='ltr'><strong>Pater</strong></span> <span class='ocrx_word' id='word_1_201' title='bbox 2707 1669 2822 1712; x_wconf 89' lang='lat' dir='ltr'><strong>non</strong></span> <span class='ocrx_word' id='word_1_202' title='bbox 2857 1655 3052 1711; x_wconf 77' lang='lat' dir='ltr'><strong>fuerit.</strong></span> 
     </span>
    </p>
   </div>
   <div class='ocr_carea' id='block_1_33' title="bbox 2225 1747 3811 1820">
    <p class='ocr_par' dir='ltr' id='par_1_33' title="bbox 2225 1747 3811 1820">
     <span class='ocr_line' id='line_1_33' title="bbox 2225 1747 3811 1820; baseline 0.003 -18"><span class='ocrx_word' id='word_1_203' title='bbox 2225 1748 2423 1818; x_wconf 86' lang='lat' dir='ltr'><strong>Neque</strong></span> <span class='ocrx_word' id='word_1_204' title='bbox 2453 1764 2586 1803; x_wconf 90' lang='lat' dir='ltr'><strong>vero</strong></span> <span class='ocrx_word' id='word_1_205' title='bbox 2622 1748 2715 1802; x_wconf 89' lang='lat' dir='ltr'><strong>Dei</strong></span> <span class='ocrx_word' id='word_1_206' title='bbox 2750 1747 3000 1802; x_wconf 88' lang='lat' dir='ltr'><strong>Verbum</strong></span> <span class='ocrx_word' id='word_1_207' title='bbox 3050 1763 3283 1820; x_wconf 83' lang='lat' dir='ltr'><strong>semper</strong></span> <span class='ocrx_word' id='word_1_208' title='bbox 3337 1748 3542 1820; x_wconf 80' lang='lat' dir='ltr'><strong>fuisse,</strong></span> <span class='ocrx_word' id='word_1_209' title='bbox 3603 1767 3811 1806; x_wconf 88' lang='lat' dir='ltr'><strong>verum</strong></span> 
     </span>
    </p>
   </div>
   <div class='ocr_carea' id='block_1_34' title="bbox 404 1837 3814 1932">
    <p class='ocr_par' dir='ltr' id='par_1_34' title="bbox 404 1837 3814 1932">
     <span class='ocr_line' id='line_1_34' title="bbox 404 1837 3814 1932; baseline -0.001 -30"><span class='ocrx_word' id='word_1_210' title='bbox 404 1847 652 1902; x_wconf 90' lang='lat' dir='ltr'><strong>strabat.</strong></span> <span class='ocrx_word' id='word_1_211' title='bbox 689 1846 754 1901; x_wconf 89' lang='lat' dir='ltr'><strong>Et</strong></span> <span class='ocrx_word' id='word_1_212' title='bbox 783 1846 904 1901; x_wconf 80' lang='lat' dir='ltr'><strong>haec</strong></span> <span class='ocrx_word' id='word_1_213' title='bbox 936 1845 1172 1916; x_wconf 90' lang='lat' dir='ltr'><strong>quidem</strong></span> <span class='ocrx_word' id='word_1_214' title='bbox 1201 1843 1260 1898; x_wconf 90' lang='lat' dir='ltr'><strong>in</strong></span> <span class='ocrx_word' id='word_1_215' title='bbox 1292 1849 1353 1898; x_wconf 92' lang='lat' dir='ltr'><strong>B.</strong></span> <span class='ocrx_word' id='word_1_216' title='bbox 1406 1843 1559 1898; x_wconf 90' lang='lat' dir='ltr'><strong>Petri</strong></span> <span class='ocrx_word' id='word_1_217' title='bbox 1590 1842 1858 1914; x_wconf 83' lang='lat' dir='ltr'><strong>Martyrio</strong></span> <span class='ocrx_word' id='word_1_218' title='bbox 1898 1857 2045 1896; x_wconf 90' lang='lat' dir='ltr'><strong>con-</strong></span> <span class='ocrx_word' id='word_1_219' title='bbox 2079 1867 2126 1932; x_wconf 74' lang='grc' dir='ltr'>Β</span> <span class='ocrx_word' id='word_1_220' title='bbox 2159 1837 2208 1911; x_wconf 80' lang='grc' dir='ltr'><strong>ἐξ</strong></span> <span class='ocrx_word' id='word_1_221' title='bbox 2241 1837 2348 1912; x_wconf 82' lang='grc' dir='ltr'><strong>οὐψ</strong></span> <span class='ocrx_word' id='word_1_222' title='bbox 2379 1837 2572 1903; x_wconf 80' lang='grc' dir='ltr'><strong>ὄντων,</strong></span> <span class='ocrx_word' id='word_1_223' title='bbox 2605 1839 2712 1894; x_wconf 87' lang='lat' dir='ltr'><strong>hoc</strong></span> <span class='ocrx_word' id='word_1_224' title='bbox 2741 1844 2832 1893; x_wconf 84' lang='lat' dir='ltr'><strong>est</strong></span> <span class='ocrx_word' id='word_1_225' title='bbox 2859 1856 2928 1894; x_wconf 77' lang='lat' dir='ltr'><strong>ex</strong></span> <span class='ocrx_word' id='word_1_226' title='bbox 2961 1839 3146 1896; x_wconf 89' lang='lat' dir='ltr'><strong>nihilo</strong></span> <span class='ocrx_word' id='word_1_227' title='bbox 3197 1846 3500 1932; x_wconf 88' lang='lat' dir='ltr'><strong>creatum:</strong></span> <span class='ocrx_word' id='word_1_228' title='bbox 3535 1845 3814 1914; x_wconf 83' lang='lat' dir='ltr'><strong>quando-</strong></span> 
     </span>
    </p>
   </div>
   <div class='ocr_carea' id='block_1_35' title="bbox 405 1931 2054 2008">
    <p class='ocr_par' dir='ltr' id='par_1_35' title="bbox 405 1931 2054 2008">
     <span class='ocr_line' id='line_1_35' title="bbox 405 1931 2054 2008; baseline -0.005 -16"><span class='ocrx_word' id='word_1_229' title='bbox 405 1935 622 2008; x_wconf 90' lang='lat' dir='ltr'><strong>scripta</strong></span> <span class='ocrx_word' id='word_1_230' title='bbox 655 1938 814 1992; x_wconf 90' lang='lat' dir='ltr'><strong>sunt.</strong></span> <span class='ocrx_word' id='word_1_231' title='bbox 851 1935 917 1992; x_wconf 91' lang='lat' dir='ltr'><strong>Ut</strong></span> <span class='ocrx_word' id='word_1_232' title='bbox 947 1938 1143 1990; x_wconf 82' lang='lat' dir='ltr'><strong>autem</strong></span> <span class='ocrx_word' id='word_1_233' title='bbox 1185 1934 1390 1988; x_wconf 87' lang='lat' dir='ltr'><strong>beatus</strong></span> <span class='ocrx_word' id='word_1_234' title='bbox 1447 1931 2054 2002; x_wconf 86' lang='lat' dir='ltr'><strong>Epiphaniusauctor</strong></span> 
     </span>
    </p>
   </div>
   <div class='ocr_carea' id='block_1_36' title="bbox 406 2020 2055 2093">
    <p class='ocr_par' dir='ltr' id='par_1_36' title="bbox 406 2020 2055 2093">
     <span class='ocr_line' id='line_1_36' title="bbox 406 2020 2055 2093; baseline -0.004 -12"><span class='ocrx_word' id='word_1_235' title='bbox 406 2031 513 2093; x_wconf 88' lang='lat' dir='ltr'><strong>est,</strong></span> <span class='ocrx_word' id='word_1_236' title='bbox 549 2041 582 2080; x_wconf 88' lang='lat' dir='ltr'><strong>a</strong></span> <span class='ocrx_word' id='word_1_237' title='bbox 613 2024 764 2080; x_wconf 84' lang='lat' dir='ltr'><strong>beati</strong></span> <span class='ocrx_word' id='word_1_238' title='bbox 798 2023 948 2080; x_wconf 85' lang='lat' dir='ltr'><strong>Petri</strong></span> <span class='ocrx_word' id='word_1_239' title='bbox 979 2021 1162 2088; x_wconf 86' lang='lat' dir='ltr'><strong>obitu,</strong></span> <span class='ocrx_word' id='word_1_240' title='bbox 1193 2020 1449 2077; x_wconf 87' lang='lat' dir='ltr'><strong>Achillas</strong></span> <span class='ocrx_word' id='word_1_241' title='bbox 1481 2021 1539 2075; x_wconf 90' lang='lat' dir='ltr'><strong>in</strong></span> <span class='ocrx_word' id='word_1_242' title='bbox 1583 2022 1708 2091; x_wconf 89' lang='lat' dir='ltr'><strong>ejus</strong></span> <span class='ocrx_word' id='word_1_243' title='bbox 1752 2020 2055 2090; x_wconf 86' lang='lat' dir='ltr'><strong>episcOpa-</strong></span> 
     </span>
    </p>
   </div>
   <div class='ocr_carea' id='block_1_37' title="bbox 415 2109 2050 2184">
    <p class='ocr_par' dir='ltr' id='par_1_37' title="bbox 415 2109 2050 2184">
     <span class='ocr_line' id='line_1_37' title="bbox 415 2109 2050 2184; baseline -0.004 -16"><span class='ocrx_word' id='word_1_244' title='bbox 415 2120 542 2169; x_wconf 88' lang='lat' dir='ltr'><strong>tum</strong></span> <span class='ocrx_word' id='word_1_245' title='bbox 576 2113 882 2180; x_wconf 77' lang='lat' dir='ltr'><strong>successit,</strong></span> <span class='ocrx_word' id='word_1_246' title='bbox 917 2112 1019 2184; x_wconf 88' lang='lat' dir='ltr'><strong>qui</strong></span> <span class='ocrx_word' id='word_1_247' title='bbox 1051 2113 1250 2166; x_wconf 78' lang='lat' dir='ltr'><strong>Arium</strong></span> <span class='ocrx_word' id='word_1_248' title='bbox 1295 2111 1544 2183; x_wconf 85' lang='lat' dir='ltr'><strong>benigne</strong></span> <span class='ocrx_word' id='word_1_249' title='bbox 1596 2111 1874 2181; x_wconf 86' lang='lat' dir='ltr'><strong>suscepit,</strong></span> <span class='ocrx_word' id='word_1_250' title='bbox 1908 2114 1963 2163; x_wconf 86' lang='lat' dir='ltr'><strong>et</strong></span> <span class='ocrx_word' id='word_1_251' title='bbox 1995 2109 2050 2163; x_wconf 90' lang='lat' dir='ltr'><strong>in</strong></span> 
     </span>
    </p>
   </div>
   <div class='ocr_carea' id='block_1_38' title="bbox 410 2200 2052 2276">
    <p class='ocr_par' dir='ltr' id='par_1_38' title="bbox 410 2200 2052 2276">
     <span class='ocr_line' id='line_1_38' title="bbox 410 2200 2052 2276; baseline -0.004 -18"><span class='ocrx_word' id='word_1_252' title='bbox 410 2203 881 2276; x_wconf 82' lang='lat' dir='ltr'><strong>presbyterorum</strong></span> <span class='ocrx_word' id='word_1_253' title='bbox 911 2202 1172 2258; x_wconf 88' lang='lat' dir='ltr'><strong>ordinem</strong></span> <span class='ocrx_word' id='word_1_254' title='bbox 1227 2200 1536 2272; x_wconf 84' lang='lat' dir='ltr'><strong>cooptavit,</strong></span> <span class='ocrx_word' id='word_1_255' title='bbox 1580 2203 1758 2271; x_wconf 89' lang='lat' dir='ltr'><strong>atque</strong></span> <span class='ocrx_word' id='word_1_256' title='bbox 1805 2200 2052 2254; x_wconf 84' lang='lat' dir='ltr'><strong>Alexan-</strong></span> 
     </span>
    </p>
   </div>
   <div class='ocr_carea' id='block_1_39' title="bbox 410 2288 2054 2363">
    <p class='ocr_par' dir='ltr' id='par_1_39' title="bbox 410 2288 2054 2363">
     <span class='ocr_line' id='line_1_39' title="bbox 410 2288 2054 2363; baseline -0.003 -15"><span class='ocrx_word' id='word_1_257' title='bbox 410 2293 578 2350; x_wconf 89' lang='lat' dir='ltr'><strong>drino</strong></span> <span class='ocrx_word' id='word_1_258' title='bbox 603 2308 736 2347; x_wconf 86' lang='lat' dir='ltr'><strong>eum</strong></span> <span class='ocrx_word' id='word_1_259' title='bbox 769 2291 1094 2363; x_wconf 82' lang='lat' dir='ltr'><strong>gymnasio,</strong></span> <span class='ocrx_word' id='word_1_260' title='bbox 1150 2289 1407 2345; x_wconf 69' lang='lat' dir='ltr'><strong>ecclesias</strong></span> <span class='ocrx_word' id='word_1_261' title='bbox 1460 2288 1793 2343; x_wconf 80' lang='lat' dir='ltr'><strong>Bancaiensi</strong></span> <span class='ocrx_word' id='word_1_262' title='bbox 1853 2290 2054 2358; x_wconf 64' lang='lat' dir='ltr'><strong>praefe-</strong></span> 
     </span>
    </p>
   </div>
   <div class='ocr_carea' id='block_1_40' title="bbox 411 2377 2055 2448">
    <p class='ocr_par' dir='ltr' id='par_1_40' title="bbox 411 2377 2055 2448">
     <span class='ocr_line' id='line_1_40' title="bbox 411 2377 2055 2448; baseline -0.003 -10"><span class='ocrx_word' id='word_1_263' title='bbox 411 2383 510 2438; x_wconf 92' lang='lat' dir='ltr'><strong>cit.</strong></span> <span class='ocrx_word' id='word_1_264' title='bbox 571 2381 656 2436; x_wconf 91' lang='lat' dir='ltr'><strong>Ibi</strong></span> <span class='ocrx_word' id='word_1_265' title='bbox 687 2382 840 2436; x_wconf 87' lang='lat' dir='ltr'><strong>enim</strong></span> <span class='ocrx_word' id='word_1_266' title='bbox 876 2380 1073 2436; x_wconf 70' lang='lat' dir='ltr'><strong>multis</strong></span> <span class='ocrx_word' id='word_1_267' title='bbox 1111 2387 1248 2434; x_wconf 89' lang='lat' dir='ltr'><strong>sunt</strong></span> <span class='ocrx_word' id='word_1_268' title='bbox 1279 2378 1568 2448; x_wconf 76' lang='lat' dir='ltr'><strong>Ecclesiae,</strong></span> <span class='ocrx_word' id='word_1_269' title='bbox 1619 2391 1748 2448; x_wconf 83' lang='lat' dir='ltr'><strong>quae</strong></span> <span class='ocrx_word' id='word_1_270' title='bbox 1785 2377 2055 2448; x_wconf 85' lang='lat' dir='ltr'><strong>quamvis</strong></span> 
     </span>
    </p>
   </div>
   <div class='ocr_carea' id='block_1_41' title="bbox 410 2466 2056 2540">
    <p class='ocr_par' dir='ltr' id='par_1_41' title="bbox 410 2466 2056 2540">
     <span class='ocr_line' id='line_1_41' title="bbox 410 2466 2056 2540; baseline -0.001 -15"><span class='ocrx_word' id='word_1_271' title='bbox 410 2471 472 2526; x_wconf 91' lang='lat' dir='ltr'><strong>in</strong></span> <span class='ocrx_word' id='word_1_272' title='bbox 505 2469 879 2525; x_wconf 81' lang='lat' dir='ltr'><strong>Alexandrini</strong></span> <span class='ocrx_word' id='word_1_273' title='bbox 906 2467 1200 2540; x_wconf 82' lang='lat' dir='ltr'><strong>pontificis</strong></span> <span class='ocrx_word' id='word_1_274' title='bbox 1231 2466 1448 2522; x_wconf 89' lang='lat' dir='ltr'><strong>ditione</strong></span> <span class='ocrx_word' id='word_1_275' title='bbox 1493 2467 1630 2535; x_wconf 86' lang='lat' dir='ltr'><strong>sint,</strong></span> <span class='ocrx_word' id='word_1_276' title='bbox 1681 2466 1926 2538; x_wconf 85' lang='lat' dir='ltr'><strong>privatis</strong></span> <span class='ocrx_word' id='word_1_277' title='bbox 1975 2473 2056 2524; x_wconf 87' lang='lat' dir='ltr'><strong>ta-</strong></span> 
     </span>
    </p>
   </div>
   <div class='ocr_carea' id='block_1_42' title="bbox 415 2554 2052 2630">
    <p class='ocr_par' dir='ltr' id='par_1_42' title="bbox 415 2554 2052 2630">
     <span class='ocr_line' id='line_1_42' title="bbox 415 2554 2052 2630; baseline -0.002 -14"><span class='ocrx_word' id='word_1_278' title='bbox 415 2577 549 2616; x_wconf 89' lang='lat' dir='ltr'><strong>men</strong></span> <span class='ocrx_word' id='word_1_279' title='bbox 585 2559 939 2630; x_wconf 85' lang='lat' dir='ltr'><strong>presbyteris</strong></span> <span class='ocrx_word' id='word_1_280' title='bbox 973 2557 1448 2625; x_wconf 87' lang='lat' dir='ltr'><strong>committuntur,</strong></span> <span class='ocrx_word' id='word_1_281' title='bbox 1468 2554 1566 2628; x_wconf 88' lang='lat' dir='ltr'><strong>qui</strong></span> <span class='ocrx_word' id='word_1_282' title='bbox 1603 2557 1927 2627; x_wconf 70' lang='lat' dir='ltr'><strong>paraaciam,</strong></span> <span class='ocrx_word' id='word_1_283' title='bbox 1952 2575 2052 2614; x_wconf 89' lang='lat' dir='ltr'><strong>seu</strong></span> 
     </span>
    </p>
   </div>
   <div class='ocr_carea' id='block_1_43' title="bbox 411 2645 2056 2717">
    <p class='ocr_par' dir='ltr' id='par_1_43' title="bbox 411 2645 2056 2717">
     <span class='ocr_line' id='line_1_43' title="bbox 411 2645 2056 2717; baseline -0.002 -13"><span class='ocrx_word' id='word_1_284' title='bbox 411 2649 686 2704; x_wconf 80' lang='lat' dir='ltr'><strong>viciniam</strong></span> <span class='ocrx_word' id='word_1_285' title='bbox 717 2646 983 2714; x_wconf 86' lang='lat' dir='ltr'><strong>doceant,</strong></span> <span class='ocrx_word' id='word_1_286' title='bbox 1007 2661 1256 2717; x_wconf 89' lang='lat' dir='ltr'><strong>quarum</strong></span> <span class='ocrx_word' id='word_1_287' title='bbox 1290 2645 1347 2698; x_wconf 91' lang='lat' dir='ltr'><strong>in</strong></span> <span class='ocrx_word' id='word_1_288' title='bbox 1382 2659 1624 2700; x_wconf 89' lang='lat' dir='ltr'><strong>numero</strong></span> <span class='ocrx_word' id='word_1_289' title='bbox 1653 2649 1743 2700; x_wconf 86' lang='lat' dir='ltr'><strong>est</strong></span> <span class='ocrx_word' id='word_1_290' title='bbox 1774 2645 2056 2715; x_wconf 75' lang='lat' dir='ltr'><strong>Baucalis,</strong></span> 
     </span>
    </p>
   </div>
   <div class='ocr_carea' id='block_1_44' title="bbox 413 2733 2058 2808">
    <p class='ocr_par' dir='ltr' id='par_1_44' title="bbox 413 2733 2058 2808">
     <span class='ocr_line' id='line_1_44' title="bbox 413 2733 2058 2808; baseline -0.002 -14"><span class='ocrx_word' id='word_1_291' title='bbox 413 2744 474 2794; x_wconf 89' lang='lat' dir='ltr'><strong>et</strong></span> <span class='ocrx_word' id='word_1_292' title='bbox 503 2753 580 2793; x_wconf 69' lang='lat' dir='ltr'><strong>eas</strong></span> <span class='ocrx_word' id='word_1_293' title='bbox 610 2751 739 2808; x_wconf 78' lang='lat' dir='ltr'><strong>quas</strong></span> <span class='ocrx_word' id='word_1_294' title='bbox 790 2752 824 2790; x_wconf 89' lang='lat' dir='ltr'><strong>a</strong></span> <span class='ocrx_word' id='word_1_295' title='bbox 863 2735 1050 2790; x_wconf 87' lang='lat' dir='ltr'><strong>beatis</strong></span> <span class='ocrx_word' id='word_1_296' title='bbox 1097 2734 1396 2805; x_wconf 72' lang='lat' dir='ltr'><strong>Dionysio,</strong></span> <span class='ocrx_word' id='word_1_297' title='bbox 1427 2733 1686 2801; x_wconf 90' lang='lat' dir='ltr'><strong>Theona,</strong></span> <span class='ocrx_word' id='word_1_298' title='bbox 1720 2733 1922 2801; x_wconf 78' lang='lat' dir='ltr'><strong>PlBl‘lO,</strong></span> <span class='ocrx_word' id='word_1_299' title='bbox 1956 2735 2058 2790; x_wconf 77' lang='lat' dir='ltr'><strong>Se~</strong></span> 
     </span>
    </p>
   </div>
   <div class='ocr_carea' id='block_1_45' title="bbox 414 2820 2058 2898">
    <p class='ocr_par' dir='ltr' id='par_1_45' title="bbox 414 2820 2058 2898">
     <span class='ocr_line' id='line_1_45' title="bbox 414 2820 2058 2898; baseline -0.002 -16"><span class='ocrx_word' id='word_1_300' title='bbox 414 2828 676 2898; x_wconf 79' lang='lat' dir='ltr'><strong>rapiens,</strong></span> <span class='ocrx_word' id='word_1_301' title='bbox 712 2823 929 2891; x_wconf 89' lang='lat' dir='ltr'><strong>Perlea,</strong></span> <span class='ocrx_word' id='word_1_302' title='bbox 961 2821 1118 2889; x_wconf 83' lang='lat' dir='ltr'><strong>Diza,</strong></span> <span class='ocrx_word' id='word_1_303' title='bbox 1180 2820 1482 2888; x_wconf 88' lang='lat' dir='ltr'><strong>Mindidio,</strong></span> <span class='ocrx_word' id='word_1_304' title='bbox 1517 2821 1853 2894; x_wconf 83' lang='lat' dir='ltr'><strong>Anienaque</strong></span> <span class='ocrx_word' id='word_1_305' title='bbox 1882 2823 2058 2878; x_wconf 87' lang='lat' dir='ltr'><strong>deno-</strong></span> 
     </span>
    </p>
   </div>
   <div class='ocr_carea' id='block_1_46' title="bbox 415 2912 2056 2984">
    <p class='ocr_par' dir='ltr' id='par_1_46' title="bbox 415 2912 2056 2984">
     <span class='ocr_line' id='line_1_46' title="bbox 415 2912 2056 2984; baseline -0.003 -11"><span class='ocrx_word' id='word_1_306' title='bbox 415 2920 741 2973; x_wconf 88' lang='lat' dir='ltr'><strong>minantur.</strong></span> <span class='ocrx_word' id='word_1_307' title='bbox 803 2915 1121 2970; x_wconf 88' lang='lat' dir='ltr'><strong>Baucaleos</strong></span> <span class='ocrx_word' id='word_1_308' title='bbox 1178 2912 1376 2984; x_wconf 86' lang='lat' dir='ltr'><strong>itaque</strong></span> <span class='ocrx_word' id='word_1_309' title='bbox 1435 2929 1594 2982; x_wconf 86' lang='lat' dir='ltr'><strong>cura,</strong></span> <span class='ocrx_word' id='word_1_310' title='bbox 1643 2921 1704 2968; x_wconf 89' lang='lat' dir='ltr'><strong>ut</strong></span> <span class='ocrx_word' id='word_1_311' title='bbox 1751 2913 1874 2984; x_wconf 86' lang='lat' dir='ltr'><strong>jam</strong></span> <span class='ocrx_word' id='word_1_312' title='bbox 1915 2913 2056 2984; x_wconf 82' lang='lat' dir='ltr'><strong>dixi,</strong></span> 
     </span>
    </p>
   </div>
   <div class='ocr_carea' id='block_1_47' title="bbox 415 2999 2058 3072">
    <p class='ocr_par' dir='ltr' id='par_1_47' title="bbox 415 2999 2058 3072">
     <span class='ocr_line' id='line_1_47' title="bbox 415 2999 2058 3072; baseline -0.002 -12"><span class='ocrx_word' id='word_1_313' title='bbox 415 3005 546 3060; x_wconf 85' lang='lat' dir='ltr'><strong>Ario</strong></span> <span class='ocrx_word' id='word_1_314' title='bbox 569 3003 920 3060; x_wconf 86' lang='lat' dir='ltr'><strong>demandata</strong></span> <span class='ocrx_word' id='word_1_315' title='bbox 951 3011 1058 3070; x_wconf 88' lang='lat' dir='ltr'><strong>est,</strong></span> <span class='ocrx_word' id='word_1_316' title='bbox 1095 3007 1156 3058; x_wconf 87' lang='lat' dir='ltr'><strong>ut</strong></span> <span class='ocrx_word' id='word_1_317' title='bbox 1205 3000 1356 3056; x_wconf 88' lang='lat' dir='ltr'><strong>alius</strong></span> <span class='ocrx_word' id='word_1_318' title='bbox 1405 2999 1736 3072; x_wconf 74' lang='lat' dir='ltr'><strong>cuiuspiam</strong></span> <span class='ocrx_word' id='word_1_319' title='bbox 1792 3000 2058 3072; x_wconf 87' lang='lat' dir='ltr'><strong>Colutho,</strong></span> 
     </span>
    </p>
   </div>
   <div class='ocr_carea' id='block_1_48' title="bbox 415 3091 1121 3164">
    <p class='ocr_par' dir='ltr' id='par_1_48' title="bbox 415 3091 1121 3164">
     <span class='ocr_line' id='line_1_48' title="bbox 415 3091 1121 3164; baseline -0.004 -15"><span class='ocrx_word' id='word_1_320' title='bbox 415 3097 592 3164; x_wconf 87' lang='lat' dir='ltr'><strong>atque</strong></span> <span class='ocrx_word' id='word_1_321' title='bbox 624 3091 774 3148; x_wconf 82' lang='lat' dir='ltr'><strong>alius</strong></span> <span class='ocrx_word' id='word_1_322' title='bbox 803 3092 939 3147; x_wconf 90' lang='lat' dir='ltr'><strong>item</strong></span> <span class='ocrx_word' id='word_1_323' title='bbox 971 3091 1121 3147; x_wconf 88' lang='lat' dir='ltr'><strong>aliis.</strong></span> 
     </span>
    </p>
   </div>
   <div class='ocr_carea' id='block_1_49' title="bbox 483 3179 2055 3252">
    <p class='ocr_par' dir='ltr' id='par_1_49' title="bbox 483 3179 2055 3252">
     <span class='ocr_line' id='line_1_49' title="bbox 483 3179 2055 3252; baseline -0.003 -12"><span class='ocrx_word' id='word_1_324' title='bbox 483 3187 770 3240; x_wconf 66' lang='lat' dir='ltr'><strong>Cir-terum</strong></span> <span class='ocrx_word' id='word_1_325' title='bbox 805 3183 980 3236; x_wconf 85' lang='lat' dir='ltr'><strong>Arius</strong></span> <span class='ocrx_word' id='word_1_326' title='bbox 1011 3181 1104 3236; x_wconf 87' lang='lat' dir='ltr'><strong>hic</strong></span> <span class='ocrx_word' id='word_1_327' title='bbox 1137 3195 1376 3252; x_wconf 89' lang='lat' dir='ltr'><strong>procera</strong></span> <span class='ocrx_word' id='word_1_328' title='bbox 1433 3182 1680 3246; x_wconf 88' lang='lat' dir='ltr'><strong>statura,</strong></span> <span class='ocrx_word' id='word_1_329' title='bbox 1725 3179 1886 3235; x_wconf 82' lang='lat' dir='ltr'><strong>vultu</strong></span> <span class='ocrx_word' id='word_1_330' title='bbox 1918 3181 2055 3236; x_wconf 89' lang='lat' dir='ltr'><strong>sub-</strong></span> 
     </span>
    </p>
   </div>
   <div class='ocr_carea' id='block_1_50' title="bbox 2161 1929 3814 2002">
    <p class='ocr_par' dir='ltr' id='par_1_50' title="bbox 2161 1929 3814 2002">
     <span class='ocr_line' id='line_1_50' title="bbox 2161 1929 3814 2002; baseline 0.002 -20"><span class='ocrx_word' id='word_1_331' title='bbox 2161 1929 2396 2000; x_wconf 90' lang='lat' dir='ltr'><strong>quidem</strong></span> <span class='ocrx_word' id='word_1_332' title='bbox 2435 1929 2579 1983; x_wconf 84' lang='lat' dir='ltr'><strong>Deus</strong></span> <span class='ocrx_word' id='word_1_333' title='bbox 2627 1943 2691 1982; x_wconf 86' lang='lat' dir='ltr'><strong>ea</strong></span> <span class='ocrx_word' id='word_1_334' title='bbox 2722 1944 2845 1999; x_wconf 77' lang='lat' dir='ltr'><strong>quae</strong></span> <span class='ocrx_word' id='word_1_335' title='bbox 2895 1945 3010 1982; x_wconf 88' lang='lat' dir='ltr'><strong>non</strong></span> <span class='ocrx_word' id='word_1_336' title='bbox 3066 1937 3230 1982; x_wconf 90' lang='lat' dir='ltr'><strong>erant</strong></span> <span class='ocrx_word' id='word_1_337' title='bbox 3273 1946 3342 1984; x_wconf 91' lang='lat' dir='ltr'><strong>ex</strong></span> <span class='ocrx_word' id='word_1_338' title='bbox 3384 1931 3471 1986; x_wconf 89' lang='lat' dir='ltr'><strong>eis</strong></span> <span class='ocrx_word' id='word_1_339' title='bbox 3500 1949 3631 2002; x_wconf 75' lang='lat' dir='ltr'><strong>quae</strong></span> <span class='ocrx_word' id='word_1_340' title='bbox 3696 1950 3814 1987; x_wconf 89' lang='lat' dir='ltr'><strong>non</strong></span> 
     </span>
    </p>
   </div>
   <div class='ocr_carea' id='block_1_51' title="bbox 2159 2017 3815 2091">
    <p class='ocr_par' dir='ltr' id='par_1_51' title="bbox 2159 2017 3815 2091">
     <span class='ocr_line' id='line_1_51' title="bbox 2159 2017 3815 2091; baseline 0.002 -19"><span class='ocrx_word' id='word_1_341' title='bbox 2159 2021 2344 2084; x_wconf 88' lang='lat' dir='ltr'><strong>erant,</strong></span> <span class='ocrx_word' id='word_1_342' title='bbox 2369 2017 2665 2072; x_wconf 84' lang='lat' dir='ltr'><strong>creaverit.</strong></span> <span class='ocrx_word' id='word_1_343' title='bbox 2699 2017 2980 2082; x_wconf 86' lang='lat' dir='ltr'><strong>Quocirca</strong></span> <span class='ocrx_word' id='word_1_344' title='bbox 3011 2019 3192 2073; x_wconf 83' lang='lat' dir='ltr'><strong>fuisse</strong></span> <span class='ocrx_word' id='word_1_345' title='bbox 3226 2023 3461 2091; x_wconf 86' lang='lat' dir='ltr'><strong>tempus</strong></span> <span class='ocrx_word' id='word_1_346' title='bbox 3491 2021 3815 2090; x_wconf 80' lang='lat' dir='ltr'><strong>asserebat,</strong></span> 
     </span>
    </p>
   </div>
   <div class='ocr_carea' id='block_1_52' title="bbox 2161 2105 3814 2177">
    <p class='ocr_par' dir='ltr' id='par_1_52' title="bbox 2161 2105 3814 2177">
     <span class='ocr_line' id='line_1_52' title="bbox 2161 2105 3814 2177; baseline 0.003 -18"><span class='ocrx_word' id='word_1_347' title='bbox 2161 2123 2276 2177; x_wconf 92' lang='lat' dir='ltr'><strong>quo</strong></span> <span class='ocrx_word' id='word_1_348' title='bbox 2314 2106 2496 2162; x_wconf 88' lang='lat' dir='ltr'><strong>Filius</strong></span> <span class='ocrx_word' id='word_1_349' title='bbox 2527 2122 2640 2161; x_wconf 88' lang='lat' dir='ltr'><strong>non</strong></span> <span class='ocrx_word' id='word_1_350' title='bbox 2673 2105 2900 2170; x_wconf 75' lang='lat' dir='ltr'><strong>fuisset,</strong></span> <span class='ocrx_word' id='word_1_351' title='bbox 2934 2106 2983 2161; x_wconf 90' lang='lat' dir='ltr'><strong>si</strong></span> <span class='ocrx_word' id='word_1_352' title='bbox 3046 2105 3208 2163; x_wconf 89' lang='lat' dir='ltr'><strong>Fiius</strong></span> <span class='ocrx_word' id='word_1_353' title='bbox 3258 2113 3488 2164; x_wconf 90' lang='lat' dir='ltr'><strong>creatus</strong></span> <span class='ocrx_word' id='word_1_354' title='bbox 3531 2115 3590 2164; x_wconf 84' lang='lat' dir='ltr'><strong>et</strong></span> <span class='ocrx_word' id='word_1_355' title='bbox 3621 2111 3814 2164; x_wconf 85' lang='lat' dir='ltr'><strong>factus</strong></span> 
     </span>
    </p>
   </div>
   <div class='ocr_carea' id='block_1_53' title="bbox 2161 2200 2333 2252">
    <p class='ocr_par' dir='ltr' id='par_1_53' title="bbox 2161 2200 2333 2252">
     <span class='ocr_line' id='line_1_53' title="bbox 2161 2200 2333 2252; baseline -0.012 -2"><span class='ocrx_word' id='word_1_356' title='bbox 2161 2200 2333 2252; x_wconf 83' lang='lat' dir='ltr'><strong>esset.</strong></span> 
     </span>
    </p>
   </div>
   <div class='ocr_carea' id='block_1_54' title="bbox 2234 2285 3810 2357">
    <p class='ocr_par' dir='ltr' id='par_1_54' title="bbox 2234 2285 3810 2357">
     <span class='ocr_line' id='line_1_54' title="bbox 2234 2285 3810 2357; baseline 0.004 -20"><span class='ocrx_word' id='word_1_357' title='bbox 2234 2285 2498 2340; x_wconf 79' lang='lat' dir='ltr'><strong>Addebat</strong></span> <span class='ocrx_word' id='word_1_358' title='bbox 2527 2301 2660 2340; x_wconf 90' lang='lat' dir='ltr'><strong>eum</strong></span> <span class='ocrx_word' id='word_1_359' title='bbox 2697 2301 2884 2356; x_wconf 78' lang='lat' dir='ltr'><strong>neque</strong></span> <span class='ocrx_word' id='word_1_360' title='bbox 2913 2285 3069 2340; x_wconf 85' lang='lat' dir='ltr'><strong>Patri</strong></span> <span class='ocrx_word' id='word_1_361' title='bbox 3097 2286 3354 2342; x_wconf 90' lang='lat' dir='ltr'><strong>similem</strong></span> <span class='ocrx_word' id='word_1_362' title='bbox 3383 2289 3636 2344; x_wconf 81' lang='lat' dir='ltr'><strong>essentia</strong></span> <span class='ocrx_word' id='word_1_363' title='bbox 3651 2305 3810 2357; x_wconf 86' lang='lat' dir='ltr'><strong>esse,</strong></span> 
     </span>
    </p>
   </div>
   <div class='ocr_carea' id='block_1_55' title="bbox 2165 2374 3817 2448">
    <p class='ocr_par' dir='ltr' id='par_1_55' title="bbox 2165 2374 3817 2448">
     <span class='ocr_line' id='line_1_55' title="bbox 2165 2374 3817 2448; baseline 0.004 -20"><span class='ocrx_word' id='word_1_364' title='bbox 2165 2389 2352 2444; x_wconf 88' lang='lat' dir='ltr'><strong>neque</strong></span> <span class='ocrx_word' id='word_1_365' title='bbox 2384 2389 2584 2428; x_wconf 89' lang='lat' dir='ltr'><strong>verum</strong></span> <span class='ocrx_word' id='word_1_366' title='bbox 2619 2374 2804 2429; x_wconf 84' lang='lat' dir='ltr'><strong>Patris</strong></span> <span class='ocrx_word' id='word_1_367' title='bbox 2854 2379 2910 2429; x_wconf 89' lang='lat' dir='ltr'><strong>et</strong></span> <span class='ocrx_word' id='word_1_368' title='bbox 2967 2374 3236 2431; x_wconf 86' lang='lat' dir='ltr'><strong>naturale</strong></span> <span class='ocrx_word' id='word_1_369' title='bbox 3285 2375 3560 2441; x_wconf 87' lang='lat' dir='ltr'><strong>Verbum.</strong></span> <span class='ocrx_word' id='word_1_370' title='bbox 3618 2393 3817 2448; x_wconf 81' lang='lat' dir='ltr'><strong>neque</strong></span> 
     </span>
    </p>
   </div>
   <div class='ocr_carea' id='block_1_56' title="bbox 2161 2461 3822 2537">
    <p class='ocr_par' dir='ltr' id='par_1_56' title="bbox 2161 2461 3822 2537">
     <span class='ocr_line' id='line_1_56' title="bbox 2161 2461 3822 2537; baseline 0.002 -19"><span class='ocrx_word' id='word_1_371' title='bbox 2161 2479 2358 2518; x_wconf 88' lang='lat' dir='ltr'><strong>veram</strong></span> <span class='ocrx_word' id='word_1_372' title='bbox 2417 2462 2800 2535; x_wconf 85' lang='lat' dir='ltr'><strong>Sapientiam,</strong></span> <span class='ocrx_word' id='word_1_373' title='bbox 2861 2464 2959 2519; x_wconf 90' lang='lat' dir='ltr'><strong>sed</strong></span> <span class='ocrx_word' id='word_1_374' title='bbox 3027 2479 3210 2520; x_wconf 91' lang='lat' dir='ltr'><strong>unum</strong></span> <span class='ocrx_word' id='word_1_375' title='bbox 3272 2461 3579 2537; x_wconf 87' lang='lat' dir='ltr'><strong>quidpiam</strong></span> <span class='ocrx_word' id='word_1_376' title='bbox 3641 2468 3822 2522; x_wconf 86' lang='lat' dir='ltr'><strong>exiis</strong></span> 
     </span>
    </p>
   </div>
   <div class='ocr_carea' id='block_1_57' title="bbox 2164 2551 3825 2625">
    <p class='ocr_par' dir='ltr' id='par_1_57' title="bbox 2164 2551 3825 2625">
     <span class='ocr_line' id='line_1_57' title="bbox 2164 2551 3825 2625; baseline 0.004 -20"><span class='ocrx_word' id='word_1_377' title='bbox 2164 2569 2289 2622; x_wconf 63' lang='lat' dir='ltr'><strong>qua;</strong></span> <span class='ocrx_word' id='word_1_378' title='bbox 2321 2556 2515 2606; x_wconf 85' lang='lat' dir='ltr'><strong>creata</strong></span> <span class='ocrx_word' id='word_1_379' title='bbox 2539 2557 2594 2606; x_wconf 88' lang='lat' dir='ltr'><strong>et</strong></span> <span class='ocrx_word' id='word_1_380' title='bbox 2623 2551 2680 2606; x_wconf 90' lang='lat' dir='ltr'><strong>in</strong></span> <span class='ocrx_word' id='word_1_381' title='bbox 2706 2569 2901 2607; x_wconf 87' lang='lat' dir='ltr'><strong>rerum</strong></span> <span class='ocrx_word' id='word_1_382' title='bbox 2961 2559 3230 2609; x_wconf 86' lang='lat' dir='ltr'><strong>naturam</strong></span> <span class='ocrx_word' id='word_1_383' title='bbox 3263 2555 3551 2625; x_wconf 85' lang='lat' dir='ltr'><strong>producta</strong></span> <span class='ocrx_word' id='word_1_384' title='bbox 3597 2564 3825 2612; x_wconf 80' lang='lat' dir='ltr'><strong>essent.</strong></span> 
     </span>
    </p>
   </div>
   <div class='ocr_carea' id='block_1_58' title="bbox 2167 2641 3825 2717">
    <p class='ocr_par' dir='ltr' id='par_1_58' title="bbox 2167 2641 3825 2717">
     <span class='ocr_line' id='line_1_58' title="bbox 2167 2641 3825 2717; baseline 0.001 -21"><span class='ocrx_word' id='word_1_385' title='bbox 2167 2671 2170 2674; x_wconf 58' lang='grc' dir='ltr'><em>ι</em></span> <span class='ocrx_word' id='word_1_386' title='bbox 2236 2641 2491 2696; x_wconf 88' lang='lat' dir='ltr'><strong>Verbum</strong></span> <span class='ocrx_word' id='word_1_387' title='bbox 2546 2645 2738 2696; x_wconf 90' lang='lat' dir='ltr'><strong>autem</strong></span> <span class='ocrx_word' id='word_1_388' title='bbox 2789 2645 2847 2697; x_wconf 90' lang='lat' dir='ltr'><strong>et</strong></span> <span class='ocrx_word' id='word_1_389' title='bbox 2916 2642 3270 2713; x_wconf 86' lang='lat' dir='ltr'><strong>Sapientiam</strong></span> <span class='ocrx_word' id='word_1_390' title='bbox 3326 2649 3825 2717; x_wconf 71' lang='grc' dir='ltr'><strong>κιταχρηστίκῶς,</strong></span> 
     </span>
    </p>
   </div>
   <div class='ocr_carea' id='block_1_59' title="bbox 2166 2729 3829 2806">
    <p class='ocr_par' dir='ltr' id='par_1_59' title="bbox 2166 2729 3829 2806">
     <span class='ocr_line' id='line_1_59' title="bbox 2166 2729 3829 2806; baseline 0.004 -22"><span class='ocrx_word' id='word_1_391' title='bbox 2166 2746 2268 2786; x_wconf 88' lang='lat' dir='ltr'><strong>seu</strong></span> <span class='ocrx_word' id='word_1_392' title='bbox 2324 2729 2562 2784; x_wconf 83' lang='lat' dir='ltr'><strong>abusive</strong></span> <span class='ocrx_word' id='word_1_393' title='bbox 2616 2729 2765 2784; x_wconf 90' lang='lat' dir='ltr'><strong>dici:</strong></span> <span class='ocrx_word' id='word_1_394' title='bbox 2847 2731 3317 2802; x_wconf 84' lang='lat' dir='ltr'><strong>quandoquidem</strong></span> <span class='ocrx_word' id='word_1_395' title='bbox 3398 2735 3527 2804; x_wconf 84' lang='lat' dir='ltr'><strong>ipse</strong></span> <span class='ocrx_word' id='word_1_396' title='bbox 3585 2751 3829 2806; x_wconf 87' lang='lat' dir='ltr'><strong>quoque</strong></span> 
     </span>
    </p>
   </div>
   <div class='ocr_carea' id='block_1_60' title="bbox 2167 2817 3828 2894">
    <p class='ocr_par' dir='ltr' id='par_1_60' title="bbox 2167 2817 3828 2894">
     <span class='ocr_line' id='line_1_60' title="bbox 2167 2817 3828 2894; baseline 0.004 -20"><span class='ocrx_word' id='word_1_397' title='bbox 2167 2819 2401 2892; x_wconf 85' lang='lat' dir='ltr'><strong>proprio</strong></span> <span class='ocrx_word' id='word_1_398' title='bbox 2459 2819 2558 2874; x_wconf 88' lang='lat' dir='ltr'><strong>Del</strong></span> <span class='ocrx_word' id='word_1_399' title='bbox 2616 2817 2803 2874; x_wconf 89' lang='lat' dir='ltr'><strong>Verbo</strong></span> <span class='ocrx_word' id='word_1_400' title='bbox 2883 2823 3116 2874; x_wconf 88' lang='lat' dir='ltr'><strong>creatus</strong></span> <span class='ocrx_word' id='word_1_401' title='bbox 3175 2827 3349 2890; x_wconf 87' lang='lat' dir='ltr'><strong>esset,</strong></span> <span class='ocrx_word' id='word_1_402' title='bbox 3415 2829 3476 2877; x_wconf 88' lang='lat' dir='ltr'><strong>et</strong></span> <span class='ocrx_word' id='word_1_403' title='bbox 3557 2823 3621 2878; x_wconf 90' lang='lat' dir='ltr'><strong>in</strong></span> <span class='ocrx_word' id='word_1_404' title='bbox 3697 2841 3828 2894; x_wconf 49' lang='lat' dir='ltr'><strong>plus</strong></span> 
     </span>
    </p>
   </div>
   <div class='ocr_carea' id='block_1_61' title="bbox 2165 2909 3830 2983">
    <p class='ocr_par' dir='ltr' id='par_1_61' title="bbox 2165 2909 3830 2983">
     <span class='ocr_line' id='line_1_61' title="bbox 2165 2909 3830 2983; baseline 0.002 -17"><span class='ocrx_word' id='word_1_405' title='bbox 2165 2909 2353 2981; x_wconf 84' lang='lat' dir='ltr'><strong>ipsius</strong></span> <span class='ocrx_word' id='word_1_406' title='bbox 2380 2909 2696 2980; x_wconf 89' lang='lat' dir='ltr'><strong>Sapientia,</strong></span> <span class='ocrx_word' id='word_1_407' title='bbox 2729 2909 2789 2966; x_wconf 90' lang='lat' dir='ltr'><strong>in</strong></span> <span class='ocrx_word' id='word_1_408' title='bbox 2843 2927 2961 2982; x_wconf 90' lang='lat' dir='ltr'><strong>qua</strong></span> <span class='ocrx_word' id='word_1_409' title='bbox 2989 2915 3047 2966; x_wconf 89' lang='lat' dir='ltr'><strong>et</strong></span> <span class='ocrx_word' id='word_1_410' title='bbox 3070 2909 3264 2983; x_wconf 89' lang='lat' dir='ltr'><strong>ipsum</strong></span> <span class='ocrx_word' id='word_1_411' title='bbox 3325 2913 3478 2969; x_wconf 89' lang='lat' dir='ltr'><strong>Deus</strong></span> <span class='ocrx_word' id='word_1_412' title='bbox 3535 2918 3598 2970; x_wconf 84' lang='lat' dir='ltr'><strong>et</strong></span> <span class='ocrx_word' id='word_1_413' title='bbox 3629 2915 3830 2971; x_wconf 79' lang='lat' dir='ltr'><strong>omnia</strong></span> 
     </span>
    </p>
   </div>
   <div class='ocr_carea' id='block_1_62' title="bbox 2167 3002 2479 3056">
    <p class='ocr_par' dir='ltr' id='par_1_62' title="bbox 2167 3002 2479 3056">
     <span class='ocr_line' id='line_1_62' title="bbox 2167 3002 2479 3056; baseline -0.003 -1"><span class='ocrx_word' id='word_1_414' title='bbox 2167 3002 2479 3056; x_wconf 88' lang='lat' dir='ltr'><strong>creaverat.</strong></span> 
     </span>
    </p>
   </div>
   <div class='ocr_carea' id='block_1_63' title="bbox 2239 3088 3831 3164">
    <p class='ocr_par' dir='ltr' id='par_1_63' title="bbox 2239 3088 3831 3164">
     <span class='ocr_line' id='line_1_63' title="bbox 2239 3088 3831 3164; baseline 0.001 -20"><span class='ocrx_word' id='word_1_415' title='bbox 2239 3091 2321 3144; x_wconf 87' lang='lat' dir='ltr'><strong>Ex</strong></span> <span class='ocrx_word' id='word_1_416' title='bbox 2375 3105 2492 3160; x_wconf 90' lang='lat' dir='ltr'><strong>quo</strong></span> <span class='ocrx_word' id='word_1_417' title='bbox 2551 3089 2734 3156; x_wconf 84' lang='lat' dir='ltr'><strong>fleret,</strong></span> <span class='ocrx_word' id='word_1_418' title='bbox 2797 3094 2860 3144; x_wconf 88' lang='lat' dir='ltr'><strong>ut</strong></span> <span class='ocrx_word' id='word_1_419' title='bbox 2931 3088 3184 3164; x_wconf 81' lang='grc' dir='ltr'><strong>τρεπτὸς,</strong></span> <span class='ocrx_word' id='word_1_420' title='bbox 3243 3096 3299 3146; x_wconf 84' lang='lat' dir='ltr'><strong>ei.</strong></span> <span class='ocrx_word' id='word_1_421' title='bbox 3349 3090 3672 3156; x_wconf 81' lang='grc' dir='ltr'><strong>ἀλλωιοτὸς</strong></span> <span class='ocrx_word' id='word_1_422' title='bbox 3729 3095 3831 3163; x_wconf 69' lang='grc' dir='ltr'><strong>τῆν</strong></span> 
     </span>
    </p>
   </div>
   <div class='ocr_carea' id='block_1_64' title="bbox 2171 3178 3828 3256">
    <p class='ocr_par' dir='ltr' id='par_1_64' title="bbox 2171 3178 3828 3256">
     <span class='ocr_line' id='line_1_64' title="bbox 2171 3178 3828 3256; baseline 0.006 -27"><span class='ocrx_word' id='word_1_423' title='bbox 2171 3178 2350 3254; x_wconf 73' lang='grc' dir='ltr'><strong>φύσιν,</strong></span> <span class='ocrx_word' id='word_1_424' title='bbox 2393 3193 2494 3234; x_wconf 91' lang='lat' dir='ltr'><strong>seu</strong></span> <span class='ocrx_word' id='word_1_425' title='bbox 2528 3183 2734 3234; x_wconf 87' lang='lat' dir='ltr'><strong>natura</strong></span> <span class='ocrx_word' id='word_1_426' title='bbox 2767 3178 3074 3235; x_wconf 89' lang='lat' dir='ltr'><strong>mutationi</strong></span> <span class='ocrx_word' id='word_1_427' title='bbox 3105 3180 3394 3237; x_wconf 89' lang='lat' dir='ltr'><strong>obnoxius</strong></span> <span class='ocrx_word' id='word_1_428' title='bbox 3421 3192 3604 3251; x_wconf 87' lang='lat' dir='ltr'><strong>esset,</strong></span> <span class='ocrx_word' id='word_1_429' title='bbox 3630 3201 3828 3256; x_wconf 86' lang='lat' dir='ltr'><strong>quem-</strong></span> 
     </span>
    </p>
   </div>
   <div class='ocr_carea' id='block_1_65' title="bbox 416 3241 3826 3344">
    <p class='ocr_par' dir='ltr' id='par_1_65' title="bbox 416 3241 3826 3344">
     <span class='ocr_line' id='line_1_65' title="bbox 416 3241 3826 3344; baseline 0.001 -18"><span class='ocrx_word' id='word_1_430' title='bbox 416 3271 593 3340; x_wconf 84' lang='lat' dir='ltr'><strong>tristi,</strong></span> <span class='ocrx_word' id='word_1_431' title='bbox 629 3275 686 3326; x_wconf 91' lang='lat' dir='ltr'><strong>et</strong></span> <span class='ocrx_word' id='word_1_432' title='bbox 737 3271 990 3342; x_wconf 85' lang='lat' dir='ltr'><strong>obstipo,</strong></span> <span class='ocrx_word' id='word_1_433' title='bbox 1051 3286 1157 3324; x_wconf 89' lang='lat' dir='ltr'><strong>seu</strong></span> <span class='ocrx_word' id='word_1_434' title='bbox 1205 3269 1260 3324; x_wconf 91' lang='lat' dir='ltr'><strong>in</strong></span> <span class='ocrx_word' id='word_1_435' title='bbox 1326 3273 1542 3324; x_wconf 87' lang='lat' dir='ltr'><strong>terram</strong></span> <span class='ocrx_word' id='word_1_436' title='bbox 1600 3268 1856 3325; x_wconf 89' lang='lat' dir='ltr'><strong>demisso</strong></span> <span class='ocrx_word' id='word_1_437' title='bbox 1912 3273 2054 3338; x_wconf 87' lang='lat' dir='ltr'><strong>erat,</strong></span> <span class='ocrx_word' id='word_1_438' title='bbox 2087 3241 2131 3306; x_wconf 70' lang='grc' dir='ltr'>ο</span> <span class='ocrx_word' id='word_1_439' title='bbox 2172 3268 2489 3324; x_wconf 88' lang='lat' dir='ltr'><strong>admodum</strong></span> <span class='ocrx_word' id='word_1_440' title='bbox 2530 3273 2739 3324; x_wconf 85' lang='lat' dir='ltr'><strong>caetera</strong></span> <span class='ocrx_word' id='word_1_441' title='bbox 2768 3285 2998 3340; x_wconf 88' lang='lat' dir='ltr'><strong>quoque</strong></span> <span class='ocrx_word' id='word_1_442' title='bbox 3053 3269 3355 3337; x_wconf 89' lang='lat' dir='ltr'><strong>animalia,</strong></span> <span class='ocrx_word' id='word_1_443' title='bbox 3409 3289 3542 3344; x_wconf 67' lang='lat' dir='ltr'><strong>quae</strong></span> <span class='ocrx_word' id='word_1_444' title='bbox 3603 3276 3826 3330; x_wconf 83' lang='lat' dir='ltr'><strong>ratione</strong></span> 
     </span>
    </p>
   </div>
   <div class='ocr_carea' id='block_1_66' title="bbox 417 3357 3830 3434">
    <p class='ocr_par' dir='ltr' id='par_1_66' title="bbox 417 3357 3830 3434">
     <span class='ocr_line' id='line_1_66' title="bbox 417 3357 3830 3434; baseline 0.001 -20"><span class='ocrx_word' id='word_1_445' title='bbox 417 3359 700 3431; x_wconf 83' lang='lat' dir='ltr'><strong>semitoga</strong></span> <span class='ocrx_word' id='word_1_446' title='bbox 733 3368 789 3414; x_wconf 89' lang='lat' dir='ltr'><strong>et</strong></span> <span class='ocrx_word' id='word_1_447' title='bbox 819 3359 1067 3415; x_wconf 90' lang='lat' dir='ltr'><strong>collobio</strong></span> <span class='ocrx_word' id='word_1_448' title='bbox 1099 3358 1370 3414; x_wconf 82' lang='lat' dir='ltr'><strong>utebatur</strong></span> <span class='ocrx_word' id='word_1_449' title='bbox 1399 3376 1412 3414; x_wconf 88' lang='lat'><strong>:</strong></span> <span class='ocrx_word' id='word_1_450' title='bbox 1460 3374 1652 3415; x_wconf 88' lang='lat' dir='ltr'><strong>sermo</strong></span> <span class='ocrx_word' id='word_1_451' title='bbox 1700 3359 1784 3414; x_wconf 88' lang='lat' dir='ltr'><strong>illi</strong></span> <span class='ocrx_word' id='word_1_452' title='bbox 1820 3359 2070 3416; x_wconf 88' lang='lat' dir='ltr'><strong>blandus</strong></span> <span class='ocrx_word' id='word_1_453' title='bbox 2173 3362 2416 3413; x_wconf 89' lang='lat' dir='ltr'><strong>utuntur</strong></span> <span class='ocrx_word' id='word_1_454' title='bbox 2447 3375 2460 3412; x_wconf 88' lang='lat'><strong>:</strong></span> <span class='ocrx_word' id='word_1_455' title='bbox 2495 3357 2614 3412; x_wconf 89' lang='lat' dir='ltr'><strong>imo</strong></span> <span class='ocrx_word' id='word_1_456' title='bbox 2671 3359 2847 3414; x_wconf 90' lang='lat' dir='ltr'><strong>etiam</strong></span> <span class='ocrx_word' id='word_1_457' title='bbox 2904 3363 3237 3428; x_wconf 78' lang='lat' dir='ltr'><strong>extraneas,</strong></span> <span class='ocrx_word' id='word_1_458' title='bbox 3293 3360 3550 3428; x_wconf 87' lang='lat' dir='ltr'><strong>alienus,</strong></span> <span class='ocrx_word' id='word_1_459' title='bbox 3593 3372 3645 3418; x_wconf 85' lang='lat' dir='ltr'><strong>et</strong></span> <span class='ocrx_word' id='word_1_460' title='bbox 3677 3380 3830 3434; x_wconf 85' lang='lat' dir='ltr'><strong>quo-</strong></span> 
     </span>
    </p>
   </div>
   <div class='ocr_carea' id='block_1_67' title="bbox 419 3446 2071 3518">
    <p class='ocr_par' dir='ltr' id='par_1_67' title="bbox 419 3446 2071 3518">
     <span class='ocr_line' id='line_1_67' title="bbox 419 3446 2071 3518; baseline 0.001 -15"><span class='ocrx_word' id='word_1_461' title='bbox 419 3452 568 3512; x_wconf 88' lang='lat' dir='ltr'><strong>erat,</strong></span> <span class='ocrx_word' id='word_1_462' title='bbox 600 3452 658 3502; x_wconf 90' lang='lat' dir='ltr'><strong>et</strong></span> <span class='ocrx_word' id='word_1_463' title='bbox 685 3446 788 3518; x_wconf 90' lang='lat' dir='ltr'><strong>qui</strong></span> <span class='ocrx_word' id='word_1_464' title='bbox 857 3446 1222 3502; x_wconf 88' lang='lat' dir='ltr'><strong>audientium</strong></span> <span class='ocrx_word' id='word_1_465' title='bbox 1281 3446 1509 3502; x_wconf 89' lang='lat' dir='ltr'><strong>animos</strong></span> <span class='ocrx_word' id='word_1_466' title='bbox 1559 3447 1708 3502; x_wconf 91' lang='lat' dir='ltr'><strong>miro</strong></span> <span class='ocrx_word' id='word_1_467' title='bbox 1747 3463 1882 3504; x_wconf 90' lang='lat' dir='ltr'><strong>cum</strong></span> <span class='ocrx_word' id='word_1_468' title='bbox 1917 3448 2071 3505; x_wconf 89' lang='lat' dir='ltr'><strong>leno-</strong></span> 
     </span>
    </p>
   </div>
   <div class='ocr_carea' id='block_1_68' title="bbox 421 3534 856 3592">
    <p class='ocr_par' dir='ltr' id='par_1_68' title="bbox 421 3534 856 3592">
     <span class='ocr_line' id='line_1_68' title="bbox 421 3534 856 3592; baseline -0.007 -1"><span class='ocrx_word' id='word_1_469' title='bbox 421 3536 574 3592; x_wconf 91' lang='lat' dir='ltr'><strong>cinio</strong></span> <span class='ocrx_word' id='word_1_470' title='bbox 609 3534 856 3592; x_wconf 87' lang='lat' dir='ltr'><strong>subiret.</strong></span> 
     </span>
    </p>
   </div>
   <div class='ocr_carea' id='block_1_69' title="bbox 416 3657 2060 3730">
    <p class='ocr_par' dir='ltr' id='par_1_69' title="bbox 416 3657 2060 3730">
     <span class='ocr_line' id='line_1_69' title="bbox 416 3657 2060 3730; baseline 0 -15"><span class='ocrx_word' id='word_1_471' title='bbox 416 3659 610 3716; x_wconf 88' lang='lat' dir='ltr'><strong>censis</strong></span> <span class='ocrx_word' id='word_1_472' title='bbox 640 3657 931 3730; x_wconf 68' lang='lat' dir='ltr'><strong>epistasias</strong></span> <span class='ocrx_word' id='word_1_473' title='bbox 957 3657 1264 3730; x_wconf 70' lang='lat' dir='ltr'><strong>praefectus</strong></span> <span class='ocrx_word' id='word_1_474' title='bbox 1301 3659 1482 3730; x_wconf 76' lang='lat' dir='ltr'><strong>(quod</strong></span> <span class='ocrx_word' id='word_1_475' title='bbox 1505 3671 1722 3714; x_wconf 90' lang='lat' dir='ltr'><strong>munus</strong></span> <span class='ocrx_word' id='word_1_476' title='bbox 1754 3659 1926 3715; x_wconf 87' lang='lat' dir='ltr'><strong>hodie</strong></span> <span class='ocrx_word' id='word_1_477' title='bbox 1949 3662 2060 3716; x_wconf 83' lang='lat' dir='ltr'><strong>fra-</strong></span> 
     </span>
    </p>
   </div>
   <div class='ocr_carea' id='block_1_70' title="bbox 417 3727 2068 3802">
    <p class='ocr_par' dir='ltr' id='par_1_70' title="bbox 417 3727 2068 3802">
     <span class='ocr_line' id='line_1_70' title="bbox 417 3727 2068 3802; baseline 0.001 -16"><span class='ocrx_word' id='word_1_478' title='bbox 417 3733 490 3786; x_wconf 89' lang='lat' dir='ltr'><strong>tri</strong></span> <span class='ocrx_word' id='word_1_479' title='bbox 527 3746 655 3786; x_wconf 91' lang='lat' dir='ltr'><strong>meo</strong></span> <span class='ocrx_word' id='word_1_480' title='bbox 676 3727 1212 3802; x_wconf 34' lang='lat' dir='ltr'><strong>D._Petro’Morello</strong></span> <span class='ocrx_word' id='word_1_481' title='bbox 1238 3728 1378 3802; x_wconf 68' lang='lat' dir='ltr'><strong>mihi</strong></span> <span class='ocrx_word' id='word_1_482' title='bbox 1413 3730 1764 3802; x_wconf 80' lang='lat' dir='ltr'><strong>homonyma</strong></span> <span class='ocrx_word' id='word_1_483' title='bbox 1795 3733 2068 3788; x_wconf 88' lang='lat' dir='ltr'><strong>commis-</strong></span> 
     </span>
    </p>
   </div>
   <div class='ocr_carea' id='block_1_71' title="bbox 385 3799 2065 3874">
    <p class='ocr_par' dir='ltr' id='par_1_71' title="bbox 385 3799 2065 3874">
     <span class='ocr_line' id='line_1_71' title="bbox 385 3799 2065 3874; baseline 0.001 -16"><span class='ocrx_word' id='word_1_484' title='bbox 385 3800 541 3858; x_wconf 69' lang='lat' dir='ltr'><strong>‘tum</strong></span> <span class='ocrx_word' id='word_1_485' title='bbox 573 3802 706 3874; x_wconf 89' lang='lat' dir='ltr'><strong>est),</strong></span> <span class='ocrx_word' id='word_1_486' title='bbox 739 3799 860 3866; x_wconf 91' lang='lat' dir='ltr'><strong>ille,</strong></span> <span class='ocrx_word' id='word_1_487' title='bbox 891 3801 1162 3874; x_wconf 79' lang='lat' dir='ltr'><strong>inquam,</strong></span> <span class='ocrx_word' id='word_1_488' title='bbox 1198 3801 1260 3874; x_wconf 70' lang='lat' dir='ltr'><strong>ii.</strong></span> <span class='ocrx_word' id='word_1_489' title='bbox 1298 3799 1364 3854; x_wconf 94' lang='lat' dir='ltr'><strong>D.</strong></span> <span class='ocrx_word' id='word_1_490' title='bbox 1398 3817 1430 3854; x_wconf 89' lang='lat' dir='ltr'><strong>a</strong></span> <span class='ocrx_word' id='word_1_491' title='bbox 1461 3799 1730 3867; x_wconf 48' lang='lat' dir='ltr'><strong>Lacu,’in</strong></span> <span class='ocrx_word' id='word_1_492' title='bbox 1787 3817 2065 3874; x_wconf 84' lang='lat' dir='ltr'><strong>suprema</strong></span> 
     </span>
    </p>
   </div>
   <div class='ocr_carea' id='block_1_72' title="bbox 411 3871 2060 3941">
    <p class='ocr_par' dir='ltr' id='par_1_72' title="bbox 411 3871 2060 3941">
     <span class='ocr_line' id='line_1_72' title="bbox 411 3871 2060 3941; baseline 0.001 -12"><span class='ocrx_word' id='word_1_493' title='bbox 411 3871 769 3929; x_wconf 86' lang='lat' dir='ltr'><strong>Parisiorum</strong></span> <span class='ocrx_word' id='word_1_494' title='bbox 804 3871 1426 3927; x_wconf 34' lang='lat' dir='ltr'><strong>curia’causidicorum</strong></span> <span class='ocrx_word' id='word_1_495' title='bbox 1451 3877 1725 3941; x_wconf 83' lang='lat' dir='ltr'><strong>Patruus,</strong></span> <span class='ocrx_word' id='word_1_496' title='bbox 1759 3871 2060 3931; x_wconf 54' lang='lat' dir='ltr'><strong>me&#39;dona-</strong></span> 
     </span>
    </p>
   </div>
   <div class='ocr_carea' id='block_1_73' title="bbox 407 3943 2058 4018">
    <p class='ocr_par' dir='ltr' id='par_1_73' title="bbox 407 3943 2058 4018">
     <span class='ocr_line' id='line_1_73' title="bbox 407 3943 2058 4018; baseline 0.002 -19"><span class='ocrx_word' id='word_1_497' title='bbox 407 3944 855 4018; x_wconf 81' lang='lat' dir='ltr'><strong>vil,_eﬂ‘eoi_tque</strong></span> <span class='ocrx_word' id='word_1_498' title='bbox 913 3945 1052 4015; x_wconf 82' lang='lat' dir='ltr'><strong>(jam</strong></span> <span class='ocrx_word' id='word_1_499' title='bbox 1078 4015 1088 4018; x_wconf 93' lang='lat'>_</span> <span class='ocrx_word' id='word_1_500' title='bbox 1112 3943 1222 4018; x_wconf 80' lang='lat' dir='ltr'><strong>hoc</strong></span> <span class='ocrx_word' id='word_1_501' title='bbox 1282 3957 1586 4018; x_wconf 77' lang='lat' dir='ltr'><strong>paret-gum</strong></span> <span class='ocrx_word' id='word_1_502' title='bbox 1621 3959 1734 4018; x_wconf 85' lang='lat' dir='ltr'><strong>non</strong></span> <span class='ocrx_word' id='word_1_503' title='bbox 1766 3954 1870 4010; x_wconf 87' lang='lat' dir='ltr'><strong>est,</strong></span> <span class='ocrx_word' id='word_1_504' title='bbox 1905 3949 2058 4018; x_wconf 90' lang='lat' dir='ltr'><strong>quod</strong></span> 
     </span>
    </p>
   </div>
   <div class='ocr_carea' id='block_1_74' title="bbox 405 3959 2060 4088">
    <p class='ocr_par' dir='ltr' id='par_1_74' title="bbox 405 3959 2060 4088">
     <span class='ocr_line' id='line_1_74' title="bbox 407 3959 2058 4070; baseline 0.002 -71"><span class='ocrx_word' id='word_1_505' title='bbox 407 3959 510 4014; x_wconf 86' lang='lat' dir='ltr'><strong>vu,</strong></span> <span class='ocrx_word' id='word_1_506' title='bbox 543 3959 855 4016; x_wconf 76' lang='lat' dir='ltr'><strong>eneonque</strong></span> <span class='ocrx_word' id='word_1_507' title='bbox 913 3959 1052 4015; x_wconf 57' lang='lat' dir='ltr'><strong>(iam</strong></span> <span class='ocrx_word' id='word_1_508' title='bbox 1113 3959 1222 3998; x_wconf 87' lang='lat' dir='ltr'><strong>noc</strong></span> <span class='ocrx_word' id='word_1_509' title='bbox 1282 3959 1586 4070; x_wconf 58' lang='lat' dir='ltr'><strong>paret-gum</strong></span> <span class='ocrx_word' id='word_1_510' title='bbox 1621 3959 1734 3999; x_wconf 88' lang='lat' dir='ltr'><strong>non</strong></span> <span class='ocrx_word' id='word_1_511' title='bbox 1766 3959 1870 4010; x_wconf 74' lang='lat' dir='ltr'><strong>est,</strong></span> <span class='ocrx_word' id='word_1_512' title='bbox 1905 3959 2058 4018; x_wconf 86' lang='lat' dir='ltr'><strong>quod</strong></span> 
     </span>
     <span class='ocr_line' id='line_1_75' title="bbox 405 4014 2060 4088; baseline 0.001 -16"><span class='ocrx_word' id='word_1_513' title='bbox 405 4015 670 4088; x_wconf 83' lang='lat' dir='ltr'><strong>adhunc</strong></span> <span class='ocrx_word' id='word_1_514' title='bbox 713 4015 954 4088; x_wconf 82' lang='lat' dir='ltr'><strong>Nicetan</strong></span> <span class='ocrx_word' id='word_1_515' title='bbox 986 4014 1410 4088; x_wconf 12' lang='lat' dir='ltr'><strong>attinet),nut_D.</strong></span> <span class='ocrx_word' id='word_1_516' title='bbox 1457 4015 1781 4088; x_wconf 17' lang='lat' dir='ltr'><strong>Auilieimus</strong></span> <span class='ocrx_word' id='word_1_517' title='bbox 1814 4019 2060 4088; x_wconf 85' lang='lat' dir='ltr'><strong>Mainus,</strong></span> 
     </span>
    </p>
   </div>
   <div class='ocr_carea' id='block_1_75' title="bbox 409 4085 2060 4156">
    <p class='ocr_par' dir='ltr' id='par_1_75' title="bbox 409 4085 2060 4156">
     <span class='ocr_line' id='line_1_76' title="bbox 409 4085 2060 4156; baseline 0.002 -14"><span class='ocrx_word' id='word_1_518' title='bbox 409 4086 810 4142; x_wconf 80' lang='lat' dir='ltr'><strong>Bellilooensis</strong></span> <span class='ocrx_word' id='word_1_519' title='bbox 842 4091 1018 4140; x_wconf 85' lang='lat' dir='ltr'><strong>antea</strong></span> <span class='ocrx_word' id='word_1_520' title='bbox 1048 4085 1280 4156; x_wconf 68' lang='lat' dir='ltr'><strong>praesul,</strong></span> <span class='ocrx_word' id='word_1_521' title='bbox 1319 4086 1466 4140; x_wconf 87' lang='lat' dir='ltr'><strong>beati</strong></span> <span class='ocrx_word' id='word_1_522' title='bbox 1500 4087 1702 4141; x_wconf 82' lang='lat' dir='ltr'><strong>Hilarii</strong></span> <span class='ocrx_word' id='word_1_523' title='bbox 1736 4085 2060 4146; x_wconf 57' lang='lat' dir='ltr'><strong>Pictavien;</strong></span> 
     </span>
    </p>
   </div>
   <div class='ocr_carea' id='block_1_76' title="bbox 409 4157 2056 4232">
    <p class='ocr_par' dir='ltr' id='par_1_76' title="bbox 409 4157 2056 4232">
     <span class='ocr_line' id='line_1_77' title="bbox 409 4157 2056 4232; baseline 0.002 -18"><span class='ocrx_word' id='word_1_524' title='bbox 409 4161 492 4214; x_wconf 88' lang='lat' dir='ltr'><strong>sis</strong></span> <span class='ocrx_word' id='word_1_525' title='bbox 525 4157 954 4232; x_wconf 59' lang='lat' dir='ltr'><strong>thesaugarius,</strong></span> <span class='ocrx_word' id='word_1_526' title='bbox 976 4157 1281 4232; x_wconf 72' lang='lat' dir='ltr'><strong>Pictonicaa</strong></span> <span class='ocrx_word' id='word_1_527' title='bbox 1313 4158 1622 4232; x_wconf 72' lang='lat' dir='ltr'><strong>academiae</strong></span> <span class='ocrx_word' id='word_1_528' title='bbox 1651 4160 2056 4232; x_wconf 86' lang='lat' dir='ltr'><strong>cancellarius,</strong></span> 
     </span>
    </p>
   </div>
   <div class='ocr_carea' id='block_1_77' title="bbox 411 4228 2057 4300">
    <p class='ocr_par' dir='ltr' id='par_1_77' title="bbox 411 4228 2057 4300">
     <span class='ocr_line' id='line_1_78' title="bbox 411 4228 2057 4300; baseline 0.003 -17"><span class='ocrx_word' id='word_1_529' title='bbox 411 4228 928 4284; x_wconf 68' lang='lat' dir='ltr'><strong>GuilielmiBudasi</strong></span> <span class='ocrx_word' id='word_1_530' title='bbox 980 4228 1252 4300; x_wconf 86' lang='lat' dir='ltr'><strong>Achates,</strong></span> <span class='ocrx_word' id='word_1_531' title='bbox 1303 4229 1713 4300; x_wconf 87' lang='lat' dir='ltr'><strong>regiorumque</strong></span> <span class='ocrx_word' id='word_1_532' title='bbox 1767 4228 2057 4288; x_wconf 86' lang='lat' dir='ltr'><strong>Francisci</strong></span> 
     </span>
    </p>
   </div>
   <div class='ocr_carea' id='block_1_78' title="bbox 412 4299 2062 4372">
    <p class='ocr_par' dir='ltr' id='par_1_78' title="bbox 412 4299 2062 4372">
     <span class='ocr_line' id='line_1_79' title="bbox 412 4299 2062 4372; baseline 0.001 -16"><span class='ocrx_word' id='word_1_533' title='bbox 412 4302 610 4372; x_wconf 86' lang='lat' dir='ltr'><strong>magni</strong></span> <span class='ocrx_word' id='word_1_534' title='bbox 642 4299 1181 4372; x_wconf 74' lang='lat' dir='ltr'><strong>Francorumregis</strong></span> <span class='ocrx_word' id='word_1_535' title='bbox 1213 4300 1528 4372; x_wconf 85' lang='lat' dir='ltr'><strong>liberorum</strong></span> <span class='ocrx_word' id='word_1_536' title='bbox 1583 4309 1919 4372; x_wconf 79' lang='lat' dir='ltr'><strong>praeceptor,</strong></span> <span class='ocrx_word' id='word_1_537' title='bbox 1981 4304 2062 4358; x_wconf 88' lang='lat' dir='ltr'><strong>bi-</strong></span> 
     </span>
    </p>
   </div>
   <div class='ocr_carea' id='block_1_79' title="bbox 410 4371 2059 4431">
    <p class='ocr_par' dir='ltr' id='par_1_79' title="bbox 410 4371 2059 4431">
     <span class='ocr_line' id='line_1_80' title="bbox 410 4371 2059 4431; baseline 0.002 -4"><span class='ocrx_word' id='word_1_538' title='bbox 410 4371 762 4428; x_wconf 81' lang='lat' dir='ltr'><strong>bliothecam</strong></span> <span class='ocrx_word' id='word_1_539' title='bbox 796 4387 963 4427; x_wconf 89' lang='lat' dir='ltr'><strong>suam</strong></span> <span class='ocrx_word' id='word_1_540' title='bbox 987 4371 1196 4425; x_wconf 66' lang='lat' dir='ltr'><strong>Graacis</strong></span> <span class='ocrx_word' id='word_1_541' title='bbox 1225 4375 1282 4425; x_wconf 89' lang='lat' dir='ltr'><strong>et</strong></span> <span class='ocrx_word' id='word_1_542' title='bbox 1313 4371 1538 4426; x_wconf 87' lang='lat' dir='ltr'><strong>Latinis</strong></span> <span class='ocrx_word' id='word_1_543' title='bbox 1587 4371 1927 4429; x_wconf 84' lang='lat' dir='ltr'><strong>auctoribus</strong></span> <span class='ocrx_word' id='word_1_544' title='bbox 1968 4379 2059 4431; x_wconf 87' lang='lat' dir='ltr'><strong>in-</strong></span> 
     </span>
    </p>
   </div>
   <div class='ocr_carea' id='block_1_80' title="bbox 409 4441 2055 4513">
    <p class='ocr_par' dir='ltr' id='par_1_80' title="bbox 409 4441 2055 4513">
     <span class='ocr_line' id='line_1_81' title="bbox 409 4441 2055 4513; baseline 0.002 -15"><span class='ocrx_word' id='word_1_545' title='bbox 409 4445 862 4499; x_wconf 80' lang='lat' dir='ltr'><strong>structissimam</strong></span> <span class='ocrx_word' id='word_1_546' title='bbox 904 4442 963 4496; x_wconf 91' lang='lat' dir='ltr'><strong>in</strong></span> <span class='ocrx_word' id='word_1_547' title='bbox 1023 4443 1227 4513; x_wconf 90' lang='lat' dir='ltr'><strong>optimi</strong></span> <span class='ocrx_word' id='word_1_548' title='bbox 1288 4441 1448 4497; x_wconf 89' lang='lat' dir='ltr'><strong>illius</strong></span> <span class='ocrx_word' id='word_1_549' title='bbox 1508 4445 1770 4512; x_wconf 62' lang='lat' dir='ltr'><strong>presidis</strong></span> <span class='ocrx_word' id='word_1_550' title='bbox 1833 4447 2055 4502; x_wconf 89' lang='lat' dir='ltr'><strong>domini</strong></span> 
     </span>
    </p>
   </div>
   <div class='ocr_carea' id='block_1_81' title="bbox 412 4513 2058 4589">
    <p class='ocr_par' dir='ltr' id='par_1_81' title="bbox 412 4513 2058 4589">
     <span class='ocr_line' id='line_1_82' title="bbox 412 4513 2058 4589; baseline 0.001 -18"><span class='ocrx_word' id='word_1_551' title='bbox 412 4515 704 4589; x_wconf 86' lang='lat' dir='ltr'><strong>Francisoi</strong></span> <span class='ocrx_word' id='word_1_552' title='bbox 735 4532 771 4589; x_wconf 86' lang='lat' dir='ltr'><strong>a_</strong></span> <span class='ocrx_word' id='word_1_553' title='bbox 797 4515 856 4568; x_wconf 89' lang='lat' dir='ltr'><strong>S.</strong></span> <span class='ocrx_word' id='word_1_554' title='bbox 907 4513 1136 4589; x_wconf 82' lang='lat' dir='ltr'><strong>Andrea</strong></span> <span class='ocrx_word' id='word_1_555' title='bbox 1167 4513 1283 4566; x_wconf 89' lang='lat' dir='ltr'><strong>DD.</strong></span> <span class='ocrx_word' id='word_1_556' title='bbox 1316 4513 1922 4589; x_wconf 82' lang='lat' dir='ltr'><strong>Sanctaudreanorum</strong></span> <span class='ocrx_word' id='word_1_557' title='bbox 1961 4535 2058 4589; x_wconf 91' lang='lat' dir='ltr'><strong>pa-</strong></span> 
     </span>
    </p>
   </div>
   <div class='ocr_carea' id='block_1_82' title="bbox 409 4583 2128 4658">
    <p class='ocr_par' dir='ltr' id='par_1_82' title="bbox 409 4583 2128 4658">
     <span class='ocr_line' id='line_1_83' title="bbox 409 4583 2128 4658; baseline 0.003 -18"><span class='ocrx_word' id='word_1_558' title='bbox 409 4588 592 4641; x_wconf 84' lang='lat' dir='ltr'><strong>rentis</strong></span> <span class='ocrx_word' id='word_1_559' title='bbox 625 4585 883 4658; x_wconf 14' lang='lat' dir='ltr'><strong>gratiam,</strong></span> <span class='ocrx_word' id='word_1_560' title='bbox 907 4583 1049 4639; x_wconf 89' lang='lat' dir='ltr'><strong>mihi</strong></span> <span class='ocrx_word' id='word_1_561' title='bbox 1076 4589 1420 4658; x_wconf 79' lang='lat' dir='ltr'><strong>testamento</strong></span> <span class='ocrx_word' id='word_1_562' title='bbox 1449 4584 1678 4657; x_wconf 86' lang='lat' dir='ltr'><strong>legarit,</strong></span> <span class='ocrx_word' id='word_1_563' title='bbox 1703 4604 1828 4658; x_wconf 65' lang='lat' dir='ltr'><strong>quas</strong></span> <span class='ocrx_word' id='word_1_564' title='bbox 1874 4583 2048 4646; x_wconf 58' lang='lat' dir='ltr'><strong>me&#39;in</strong></span> <span class='ocrx_word' id='word_1_565' title='bbox 2082 4591 2128 4656; x_wconf 91' lang='lat' dir='ltr'><strong>D</strong></span> 
     </span>
    </p>
   </div>
   <div class='ocr_carea' id='block_1_83' title="bbox 406 4655 2048 4725">
    <p class='ocr_par' dir='ltr' id='par_1_83' title="bbox 406 4655 2048 4725">
     <span class='ocr_line' id='line_1_84' title="bbox 406 4655 2048 4725; baseline 0.002 -14"><span class='ocrx_word' id='word_1_566' title='bbox 406 4659 612 4712; x_wconf 87' lang='lat' dir='ltr'><strong>Niceta</strong></span> <span class='ocrx_word' id='word_1_567' title='bbox 632 4655 752 4712; x_wconf 83' lang='lat' dir='ltr'><strong>hoc</strong></span> <span class='ocrx_word' id='word_1_568' title='bbox 792 4655 1040 4725; x_wconf 88' lang='lat' dir='ltr'><strong>aliisque</strong></span> <span class='ocrx_word' id='word_1_569' title='bbox 1070 4655 1554 4714; x_wconf 67' lang='lat' dir='ltr'><strong>Sanctandreanie</strong></span> <span class='ocrx_word' id='word_1_570' title='bbox 1588 4655 1947 4714; x_wconf 59' lang='lat' dir='ltr'><strong>bibliothecae</strong></span> <span class='ocrx_word' id='word_1_571' title='bbox 1979 4660 2048 4716; x_wconf 88' lang='lat' dir='ltr'><strong>li-</strong></span> 
     </span>
    </p>
   </div>
   <div class='ocr_carea' id='block_1_84' title="bbox 405 4725 2050 4800">
    <p class='ocr_par' dir='ltr' id='par_1_84' title="bbox 405 4725 2050 4800">
     <span class='ocr_line' id='line_1_85' title="bbox 405 4725 2050 4800; baseline 0.003 -18"><span class='ocrx_word' id='word_1_572' title='bbox 405 4727 527 4782; x_wconf 88' lang='lat' dir='ltr'><strong>bris</strong></span> <span class='ocrx_word' id='word_1_573' title='bbox 550 4741 835 4800; x_wconf 58' lang='lat' dir='ltr'><strong>,quornm</strong></span> <span class='ocrx_word' id='word_1_574' title='bbox 868 4725 1147 4781; x_wconf 88' lang='lat' dir='ltr'><strong>lemmata</strong></span> <span class='ocrx_word' id='word_1_575' title='bbox 1177 4726 1226 4781; x_wconf 88' lang='lat' dir='ltr'><strong>ei</strong></span> <span class='ocrx_word' id='word_1_576' title='bbox 1263 4734 1399 4782; x_wconf 90' lang='lat' dir='ltr'><strong>tunc</strong></span> <span class='ocrx_word' id='word_1_577' title='bbox 1432 4731 1730 4800; x_wconf 89' lang='lat' dir='ltr'><strong>proposui,</strong></span> <span class='ocrx_word' id='word_1_578' title='bbox 1763 4731 1924 4786; x_wconf 89' lang='lat' dir='ltr'><strong>Latio</strong></span> <span class='ocrx_word' id='word_1_579' title='bbox 1956 4731 2050 4788; x_wconf 89' lang='lat' dir='ltr'><strong>do-</strong></span> 
     </span>
    </p>
   </div>
   <div class='ocr_carea' id='block_1_85' title="bbox 409 4798 982 4862">
    <p class='ocr_par' dir='ltr' id='par_1_85' title="bbox 409 4798 982 4862">
     <span class='ocr_line' id='line_1_86' title="bbox 409 4798 982 4862; baseline -0.003 -7"><span class='ocrx_word' id='word_1_580' title='bbox 409 4798 624 4855; x_wconf 90' lang='lat' dir='ltr'><strong>nandis</strong></span> <span class='ocrx_word' id='word_1_581' title='bbox 655 4799 982 4862; x_wconf 75' lang='lat' dir='ltr'><strong>adiuvaret.</strong></span> 
     </span>
    </p>
   </div>
   <div class='ocr_carea' id='block_1_86' title="bbox 477 4869 2054 4943">
    <p class='ocr_par' dir='ltr' id='par_1_86' title="bbox 477 4869 2054 4943">
     <span class='ocr_line' id='line_1_87' title="bbox 477 4869 2054 4943; baseline 0.003 -18"><span class='ocrx_word' id='word_1_582' title='bbox 477 4871 587 4943; x_wconf 75' lang='lat' dir='ltr'><strong>Sed</strong></span> <span class='ocrx_word' id='word_1_583' title='bbox 621 4869 763 4943; x_wconf 89' lang='lat' dir='ltr'><strong>quid</strong></span> <span class='ocrx_word' id='word_1_584' title='bbox 787 4883 899 4943; x_wconf 66' lang='lat' dir='ltr'><strong>ego</strong></span> <span class='ocrx_word' id='word_1_585' title='bbox 957 4869 1077 4924; x_wconf 68' lang='lat' dir='ltr'><strong>hac</strong></span> <span class='ocrx_word' id='word_1_586' title='bbox 1121 4871 1330 4943; x_wconf 83' lang='lat' dir='ltr'><strong>mente</strong></span> <span class='ocrx_word' id='word_1_587' title='bbox 1378 4869 1776 4943; x_wconf 88' lang='lat' dir='ltr'><strong>nequidquam</strong></span> <span class='ocrx_word' id='word_1_588' title='bbox 1827 4873 2054 4943; x_wconf 71' lang='lat' dir='ltr'><strong>ingrata</strong></span> 
     </span>
    </p>
   </div>
   <div class='ocr_carea' id='block_1_87' title="bbox 410 4941 2052 5013">
    <p class='ocr_par' dir='ltr' id='par_1_87' title="bbox 410 4941 2052 5013">
     <span class='ocr_line' id='line_1_88' title="bbox 410 4941 2052 5013; baseline 0.003 -17"><span class='ocrx_word' id='word_1_589' title='bbox 410 4941 634 4998; x_wconf 85' lang='lat' dir='ltr'><strong>revolvo</strong></span> <span class='ocrx_word' id='word_1_590' title='bbox 664 4942 692 4998; x_wconf 84' lang='lat'><strong>?</strong></span> <span class='ocrx_word' id='word_1_591' title='bbox 721 4941 804 4997; x_wconf 82' lang='lat' dir='ltr'><strong>Ad</strong></span> <span class='ocrx_word' id='word_1_592' title='bbox 841 4941 1304 5012; x_wconf 88' lang='lat' dir='ltr'><strong>manuscriptum</strong></span> <span class='ocrx_word' id='word_1_593' title='bbox 1341 4941 1638 5012; x_wconf 79' lang='lat' dir='ltr'><strong>exemplar</strong></span> <span class='ocrx_word' id='word_1_594' title='bbox 1686 4941 1940 5013; x_wconf 85' lang='lat' dir='ltr'><strong>transeo,</strong></span> <span class='ocrx_word' id='word_1_595' title='bbox 1991 4947 2052 5002; x_wconf 89' lang='lat' dir='ltr'><strong>in</strong></span> 
     </span>
    </p>
   </div>
   <div class='ocr_carea' id='block_1_88' title="bbox 396 5015 2054 5098">
    <p class='ocr_par' dir='ltr' id='par_1_88' title="bbox 396 5015 2054 5098">
     <span class='ocr_line' id='line_1_89' title="bbox 396 5015 2054 5098; baseline 0.001 -28"><span class='ocrx_word' id='word_1_596' title='bbox 396 5016 526 5098; x_wconf 72' lang='lat' dir='ltr'><strong>quo</strong></span> <span class='ocrx_word' id='word_1_597' title='bbox 556 5015 715 5098; x_wconf 76' lang='lat' dir='ltr'><strong>varia</strong></span> <span class='ocrx_word' id='word_1_598' title='bbox 746 5015 1168 5098; x_wconf 64' lang='lat' dir='ltr'><strong>sententiarum</strong></span> <span class='ocrx_word' id='word_1_599' title='bbox 1199 5027 1372 5098; x_wconf 45' lang='lat' dir='ltr'><strong>o‘mne</strong></span> <span class='ocrx_word' id='word_1_600' title='bbox 1397 5029 1580 5098; x_wconf 73' lang='lat' dir='ltr'><strong>genus</strong></span> <span class='ocrx_word' id='word_1_601' title='bbox 1611 5016 1896 5098; x_wconf 70' lang='lat' dir='ltr'><strong>opuscula</strong></span> <span class='ocrx_word' id='word_1_602' title='bbox 1925 5032 2054 5098; x_wconf 70' lang='lat' dir='ltr'><strong>cnn-</strong></span> 
     </span>
    </p>
   </div>
   <div class='ocr_carea' id='block_1_89' title="bbox 407 5083 2049 5157">
    <p class='ocr_par' dir='ltr' id='par_1_89' title="bbox 407 5083 2049 5157">
     <span class='ocr_line' id='line_1_90' title="bbox 407 5083 2049 5157; baseline 0.001 -17"><span class='ocrx_word' id='word_1_603' title='bbox 407 5083 845 5156; x_wconf 81' lang='lat' dir='ltr'><strong>tineutur,quas</strong></span> <span class='ocrx_word' id='word_1_604' title='bbox 874 5085 998 5157; x_wconf 85' lang='lat' dir='ltr'><strong>Odo</strong></span> <span class='ocrx_word' id='word_1_605' title='bbox 1030 5101 1064 5157; x_wconf 88' lang='lat' dir='ltr'><strong>a</strong></span> <span class='ocrx_word' id='word_1_606' title='bbox 1094 5083 1381 5157; x_wconf 82' lang='lat' dir='ltr'><strong>Foviliaco</strong></span> <span class='ocrx_word' id='word_1_607' title='bbox 1399 5083 1764 5157; x_wconf 81' lang='lat' dir='ltr'><strong>indiscipuli</strong></span> <span class='ocrx_word' id='word_1_608' title='bbox 1799 5089 1888 5142; x_wconf 88' lang='lat' dir='ltr'><strong>sui</strong></span> <span class='ocrx_word' id='word_1_609' title='bbox 1922 5088 2049 5144; x_wconf 85' lang='lat' dir='ltr'><strong>illu-</strong></span> 
     </span>
    </p>
   </div>
   <div class='ocr_carea' id='block_1_90' title="bbox 407 5155 2047 5228">
    <p class='ocr_par' dir='ltr' id='par_1_90' title="bbox 407 5155 2047 5228">
     <span class='ocr_line' id='line_1_91' title="bbox 407 5155 2047 5228; baseline 0.001 -15"><span class='ocrx_word' id='word_1_610' title='bbox 407 5157 680 5214; x_wconf 79' lang='lat' dir='ltr'><strong>strissimi</strong></span> <span class='ocrx_word' id='word_1_611' title='bbox 718 5155 1006 5228; x_wconf 81' lang='lat' dir='ltr'><strong>principis</strong></span> <span class='ocrx_word' id='word_1_612' title='bbox 1031 5155 1276 5228; x_wconf 80' lang='lat' dir='ltr'><strong>Joannis</strong></span> <span class='ocrx_word' id='word_1_613' title='bbox 1308 5155 1746 5213; x_wconf 79' lang='lat' dir='ltr'><strong>Aurelianensis</strong></span> <span class='ocrx_word' id='word_1_614' title='bbox 1776 5159 2047 5228; x_wconf 80' lang='lat' dir='ltr'><strong>gratiam,</strong></span> 
     </span>
    </p>
   </div>
   <div class='ocr_carea' id='block_1_91' title="bbox 407 5226 2052 5298">
    <p class='ocr_par' dir='ltr' id='par_1_91' title="bbox 407 5226 2052 5298">
     <span class='ocr_line' id='line_1_92' title="bbox 407 5226 2052 5298; baseline 0.001 -13"><span class='ocrx_word' id='word_1_615' title='bbox 407 5231 613 5285; x_wconf 87' lang='lat' dir='ltr'><strong>ordine</strong></span> <span class='ocrx_word' id='word_1_616' title='bbox 648 5226 1030 5284; x_wconf 82' lang='lat' dir='ltr'><strong>acrostichico</strong></span> <span class='ocrx_word' id='word_1_617' title='bbox 1079 5226 1851 5298; x_wconf 79' lang='lat' dir='ltr'><strong>edidit,_acrostichidosque</strong></span> <span class='ocrx_word' id='word_1_618' title='bbox 1879 5226 2052 5286; x_wconf 87' lang='lat' dir='ltr'><strong>ratio-</strong></span> 
     </span>
    </p>
   </div>
   <div class='ocr_carea' id='block_1_92' title="bbox 404 5296 2049 5372">
    <p class='ocr_par' dir='ltr' id='par_1_92' title="bbox 404 5296 2049 5372">
     <span class='ocr_line' id='line_1_93' title="bbox 404 5296 2049 5372; baseline 0.002 -19"><span class='ocrx_word' id='word_1_619' title='bbox 404 5317 536 5356; x_wconf 87' lang='lat' dir='ltr'><strong>nem</strong></span> <span class='ocrx_word' id='word_1_620' title='bbox 571 5302 630 5355; x_wconf 93' lang='lat' dir='ltr'><strong>in</strong></span> <span class='ocrx_word' id='word_1_621' title='bbox 656 5299 793 5355; x_wconf 86' lang='lat' dir='ltr'><strong>libri</strong></span> <span class='ocrx_word' id='word_1_622' title='bbox 822 5299 978 5372; x_wconf 87' lang='lat' dir='ltr'><strong>calce</strong></span> <span class='ocrx_word' id='word_1_623' title='bbox 1010 5297 1104 5372; x_wconf 87' lang='lat' dir='ltr'><strong>his</strong></span> <span class='ocrx_word' id='word_1_624' title='bbox 1155 5296 1346 5372; x_wconf 81' lang='lat' dir='ltr'><strong>verbis</strong></span> <span class='ocrx_word' id='word_1_625' title='bbox 1375 5299 1626 5372; x_wconf 78' lang='lat' dir='ltr'><strong>subjecit</strong></span> <span class='ocrx_word' id='word_1_626' title='bbox 1659 5316 1672 5353; x_wconf 91' lang='lat'><strong>:</strong></span> <span class='ocrx_word' id='word_1_627' title='bbox 1733 5296 1828 5356; x_wconf 82' lang='lat' dir='ltr'><strong>Sic</strong></span> <span class='ocrx_word' id='word_1_628' title='bbox 1877 5302 2049 5372; x_wconf 83' lang='lat' dir='ltr'><strong>quin-</strong></span> 
     </span>
    </p>
   </div>
   <div class='ocr_carea' id='block_1_93' title="bbox 405 5369 2043 5443">
    <p class='ocr_par' dir='ltr' id='par_1_93' title="bbox 405 5369 2043 5443">
     <span class='ocr_line' id='line_1_94' title="bbox 405 5369 2043 5443; baseline 0.003 -19"><span class='ocrx_word' id='word_1_629' title='bbox 405 5373 686 5441; x_wconf 82' lang='lat' dir='ltr'><strong>quaginta</strong></span> <span class='ocrx_word' id='word_1_630' title='bbox 714 5375 842 5426; x_wconf 77' lang='lat' dir='ltr'><strong>duaa</strong></span> <span class='ocrx_word' id='word_1_631' title='bbox 859 5371 1066 5443; x_wconf 43' lang='lat' dir='ltr'><strong>litterae</strong></span> <span class='ocrx_word' id='word_1_632' title='bbox 1077 5371 1138 5443; x_wconf 87' lang='lat' dir='ltr'><strong>in</strong></span> <span class='ocrx_word' id='word_1_633' title='bbox 1155 5369 1437 5443; x_wconf 84' lang='lat' dir='ltr'><strong>principio</strong></span> <span class='ocrx_word' id='word_1_634' title='bbox 1459 5369 1938 5443; x_wconf 78' lang='lat' dir='ltr'><strong>quinquagintad</strong></span> <span class='ocrx_word' id='word_1_635' title='bbox 1952 5389 2043 5429; x_wconf 83' lang='lat' dir='ltr'><strong>ua-</strong></span> 
     </span>
    </p>
   </div>
   <div class='ocr_carea' id='block_1_94' title="bbox 407 5441 2050 5515">
    <p class='ocr_par' dir='ltr' id='par_1_94' title="bbox 407 5441 2050 5515">
     <span class='ocr_line' id='line_1_95' title="bbox 407 5441 2050 5515; baseline 0.005 -23"><span class='ocrx_word' id='word_1_636' title='bbox 407 5457 536 5495; x_wconf 90' lang='lat' dir='ltr'><strong>rum</strong></span> <span class='ocrx_word' id='word_1_637' title='bbox 571 5445 824 5515; x_wconf 86' lang='lat' dir='ltr'><strong>partium</strong></span> <span class='ocrx_word' id='word_1_638' title='bbox 849 5443 1030 5515; x_wconf 87' lang='lat' dir='ltr'><strong>hujus</strong></span> <span class='ocrx_word' id='word_1_639' title='bbox 1049 5441 1178 5515; x_wconf 82' lang='lat' dir='ltr'><strong>libri</strong></span> <span class='ocrx_word' id='word_1_640' title='bbox 1206 5441 1694 5515; x_wconf 71' lang='lat' dir='ltr'><strong>positaa,ei‘ﬁciunt</strong></span> <span class='ocrx_word' id='word_1_641' title='bbox 1714 5441 1935 5515; x_wconf 78' lang='lat' dir='ltr'><strong>septem</strong></span> <span class='ocrx_word' id='word_1_642' title='bbox 1967 5445 2050 5501; x_wconf 90' lang='lat' dir='ltr'><strong>di-</strong></span> 
     </span>
    </p>
   </div>
   <div class='ocr_carea' id='block_1_95' title="bbox 407 5513 2046 5585">
    <p class='ocr_par' dir='ltr' id='par_1_95' title="bbox 407 5513 2046 5585">
     <span class='ocr_line' id='line_1_96' title="bbox 407 5513 2046 5585; baseline 0.005 -21"><span class='ocrx_word' id='word_1_643' title='bbox 407 5516 628 5567; x_wconf 86' lang='lat' dir='ltr'><strong>ctiones</strong></span> <span class='ocrx_word' id='word_1_644' title='bbox 659 5513 1088 5582; x_wconf 86' lang='lat' dir='ltr'><strong>quinquaginta</strong></span> <span class='ocrx_word' id='word_1_645' title='bbox 1120 5513 1368 5568; x_wconf 88' lang='lat' dir='ltr'><strong>duarum</strong></span> <span class='ocrx_word' id='word_1_646' title='bbox 1401 5514 1752 5585; x_wconf 80' lang='lat' dir='ltr'><strong>iztterarum,</strong></span> <span class='ocrx_word' id='word_1_647' title='bbox 1779 5513 1997 5572; x_wconf 83' lang='lat' dir='ltr'><strong>scilicet</strong></span> <span class='ocrx_word' id='word_1_648' title='bbox 2033 5531 2046 5573; x_wconf 89' lang='lat'><strong>:</strong></span> 
     </span>
    </p>
   </div>
   <div class='ocr_carea' id='block_1_96' title="bbox 479 5599 2050 5678">
    <p class='ocr_par' dir='ltr' id='par_1_96' title="bbox 479 5599 2050 5678">
     <span class='ocr_line' id='line_1_97' title="bbox 479 5599 2050 5678; baseline 0.006 -26"><span class='ocrx_word' id='word_1_649' title='bbox 479 5603 728 5678; x_wconf 66' lang='lat' dir='ltr'><strong>Jarmncs</strong></span> <span class='ocrx_word' id='word_1_650' title='bbox 783 5599 1199 5654; x_wconf 72' lang='lat' dir='ltr'><strong>Aurelianensis</strong></span> <span class='ocrx_word' id='word_1_651' title='bbox 1267 5601 1692 5672; x_wconf 73' lang='lat' dir='ltr'><strong>Engolismensis</strong></span> <span class='ocrx_word' id='word_1_652' title='bbox 1748 5619 1942 5674; x_wconf 78' lang='lat' dir='ltr'><strong>comes,</strong></span> <span class='ocrx_word' id='word_1_653' title='bbox 2001 5609 2050 5660; x_wconf 81' lang='lat' dir='ltr'><strong>et</strong></span> 
     </span>
    </p>
   </div>
   <div class='ocr_carea' id='block_1_97' title="bbox 409 5681 802 5734">
    <p class='ocr_par' dir='ltr' id='par_1_97' title="bbox 409 5681 802 5734">
     <span class='ocr_line' id='line_1_98' title="bbox 409 5681 802 5734; baseline -0.008 -14"><span class='ocrx_word' id='word_1_654' title='bbox 409 5682 576 5734; x_wconf 72' lang='lat' dir='ltr'><strong>nepos</strong></span> <span class='ocrx_word' id='word_1_655' title='bbox 608 5681 802 5733; x_wconf 72' lang='lat' dir='ltr'><strong>regius.</strong></span> 
     </span>
    </p>
   </div>
   <div class='ocr_carea' id='block_1_98' title="bbox 481 5734 1670 5800">
    <p class='ocr_par' dir='ltr' id='par_1_98' title="bbox 481 5734 1670 5800">
     <span class='ocr_line' id='line_1_99' title="bbox 481 5734 1670 5800; baseline 0.008 -11"><span class='ocrx_word' id='word_1_656' title='bbox 481 5735 743 5789; x_wconf 88' lang='lat' dir='ltr'><strong>Tandem</strong></span> <span class='ocrx_word' id='word_1_657' title='bbox 767 5734 914 5786; x_wconf 89' lang='lat' dir='ltr'><strong>iiber</strong></span> <span class='ocrx_word' id='word_1_658' title='bbox 943 5735 1049 5790; x_wconf 88' lang='lat' dir='ltr'><strong>hoc</strong></span> <span class='ocrx_word' id='word_1_659' title='bbox 1081 5736 1329 5793; x_wconf 87' lang='lat' dir='ltr'><strong>disticho</strong></span> <span class='ocrx_word' id='word_1_660' title='bbox 1358 5742 1670 5800; x_wconf 86' lang='lat' dir='ltr'><strong>clauditur.</strong></span> 
     </span>
    </p>
   </div>
   <div class='ocr_carea' id='block_1_99' title="bbox 2173 3446 3826 3524">
    <p class='ocr_par' dir='ltr' id='par_1_99' title="bbox 2173 3446 3826 3524">
     <span class='ocr_line' id='line_1_100' title="bbox 2173 3446 3826 3524; baseline 0.004 -23"><span class='ocrx_word' id='word_1_661' title='bbox 2173 3447 2307 3502; x_wconf 91' lang='lat' dir='ltr'><strong>dam</strong></span> <span class='ocrx_word' id='word_1_662' title='bbox 2337 3446 2506 3518; x_wconf 79' lang='lat' dir='ltr'><strong>quasi</strong></span> <span class='ocrx_word' id='word_1_663' title='bbox 2563 3446 2822 3503; x_wconf 84' lang='lat' dir='ltr'><strong>funiculo</strong></span> <span class='ocrx_word' id='word_1_664' title='bbox 2867 3463 2900 3502; x_wconf 92' lang='lat' dir='ltr'><strong>a</strong></span> <span class='ocrx_word' id='word_1_665' title='bbox 2931 3448 3032 3502; x_wconf 89' lang='lat' dir='ltr'><strong>Dci</strong></span> <span class='ocrx_word' id='word_1_666' title='bbox 3093 3450 3428 3505; x_wconf 84' lang='lat' dir='ltr'><strong>substantia</strong></span> <span class='ocrx_word' id='word_1_667' title='bbox 3489 3459 3826 3524; x_wconf 81' lang='lat' dir='ltr'><strong>separatus,</strong></span> 
     </span>
    </p>
   </div>
   <div class='ocr_carea' id='block_1_100' title="bbox 2169 3534 3341 3610">
    <p class='ocr_par' dir='ltr' id='par_1_100' title="bbox 2169 3534 3341 3610">
     <span class='ocr_line' id='line_1_101' title="bbox 2169 3534 3341 3610; baseline 0.003 -20"><span class='ocrx_word' id='word_1_668' title='bbox 2169 3534 2268 3608; x_wconf 90' lang='lat' dir='ltr'><strong>qui</strong></span> <span class='ocrx_word' id='word_1_669' title='bbox 2299 3552 2370 3591; x_wconf 90' lang='lat' dir='ltr'><strong>ne</strong></span> <span class='ocrx_word' id='word_1_670' title='bbox 2407 3539 2630 3592; x_wconf 81' lang='lat' dir='ltr'><strong>Patrem</strong></span> <span class='ocrx_word' id='word_1_671' title='bbox 2660 3536 2898 3606; x_wconf 88' lang='lat' dir='ltr'><strong>quidem</strong></span> <span class='ocrx_word' id='word_1_672' title='bbox 2925 3537 3118 3594; x_wconf 88' lang='lat' dir='ltr'><strong>videre</strong></span> <span class='ocrx_word' id='word_1_673' title='bbox 3145 3544 3341 3610; x_wconf 84' lang='lat' dir='ltr'><strong>queat.</strong></span> 
     </span>
    </p>
   </div>
   <div class='ocr_carea' id='block_1_101' title="bbox 2311 3660 3629 3733">
    <p class='ocr_par' dir='ltr' id='par_1_101' title="bbox 2311 3660 3629 3733">
     <span class='ocr_line' id='line_1_102' title="bbox 2311 3660 3629 3733; baseline -0.002 -12"><span class='ocrx_word' id='word_1_674' title='bbox 2311 3661 2528 3733; x_wconf 9' lang='lat' dir='ltr'><strong>Ouiqde</strong></span> <span class='ocrx_word' id='word_1_675' title='bbox 2545 3660 2836 3733; x_wconf 66' lang='lat' dir='ltr'><strong>Fovitiaco</strong></span> <span class='ocrx_word' id='word_1_676' title='bbox 2866 3662 3063 3717; x_wconf 73' lang='lat' dir='ltr'><strong>retinet</strong></span> <span class='ocrx_word' id='word_1_677' title='bbox 3089 3666 3420 3733; x_wconf 69' lang='lat' dir='ltr'><strong>cognomina</strong></span> <span class='ocrx_word' id='word_1_678' title='bbox 3449 3669 3629 3720; x_wconf 70' lang='lat' dir='ltr'><strong>vester</strong></span> 
     </span>
    </p>
   </div>
   <div class='ocr_carea' id='block_1_102' title="bbox 2310 3731 3728 3806">
    <p class='ocr_par' dir='ltr' id='par_1_102' title="bbox 2310 3731 3728 3806">
     <span class='ocr_line' id='line_1_103' title="bbox 2310 3731 3728 3806; baseline 0.004 -20"><span class='ocrx_word' id='word_1_679' title='bbox 2310 3731 2494 3786; x_wconf 79' lang='lat' dir='ltr'><strong>Edidit</strong></span> <span class='ocrx_word' id='word_1_680' title='bbox 2527 3731 2640 3788; x_wconf 85' lang='lat' dir='ltr'><strong>Odo</strong></span> <span class='ocrx_word' id='word_1_681' title='bbox 2658 3735 2848 3800; x_wconf 78' lang='lat' dir='ltr'><strong>istum,</strong></span> <span class='ocrx_word' id='word_1_682' title='bbox 2877 3734 3132 3805; x_wconf 73' lang='lat' dir='ltr'><strong>princeps</strong></span> <span class='ocrx_word' id='word_1_683' title='bbox 3156 3731 3440 3806; x_wconf 49' lang='lat' dir='ltr'><strong>uenero“,</strong></span> <span class='ocrx_word' id='word_1_684' title='bbox 3466 3735 3728 3792; x_wconf 73' lang='lat' dir='ltr'><strong>libellum.</strong></span> 
     </span>
    </p>
   </div>
   <div class='ocr_carea' id='block_1_103' title="bbox 2236 3819 3812 3892">
    <p class='ocr_par' dir='ltr' id='par_1_103' title="bbox 2236 3819 3812 3892">
     <span class='ocr_line' id='line_1_104' title="bbox 2236 3819 3812 3892; baseline 0.004 -16"><span class='ocrx_word' id='word_1_685' title='bbox 2236 3821 2347 3876; x_wconf 89' lang='lat' dir='ltr'><strong>Sed</strong></span> <span class='ocrx_word' id='word_1_686' title='bbox 2381 3822 2450 3876; x_wconf 92' lang='lat' dir='ltr'><strong>de</strong></span> <span class='ocrx_word' id='word_1_687' title='bbox 2481 3820 2589 3892; x_wconf 86' lang='lat' dir='ltr'><strong>hoc</strong></span> <span class='ocrx_word' id='word_1_688' title='bbox 2618 3819 2834 3892; x_wconf 86' lang='lat' dir='ltr'><strong>libello,</strong></span> <span class='ocrx_word' id='word_1_689' title='bbox 2893 3821 3234 3892; x_wconf 70' lang='lat' dir='ltr'><strong>aedibusque</strong></span> <span class='ocrx_word' id='word_1_690' title='bbox 3291 3821 3360 3878; x_wconf 93' lang='lat' dir='ltr'><strong>D.</strong></span> <span class='ocrx_word' id='word_1_691' title='bbox 3405 3823 3588 3879; x_wconf 85' lang='lat' dir='ltr'><strong>Maino</strong></span> <span class='ocrx_word' id='word_1_692' title='bbox 3619 3827 3673 3880; x_wconf 91' lang='lat' dir='ltr'><strong>in</strong></span> <span class='ocrx_word' id='word_1_693' title='bbox 3711 3841 3812 3882; x_wconf 74' lang='lat' dir='ltr'><strong>ve-</strong></span> 
     </span>
    </p>
   </div>
   <div class='ocr_carea' id='block_1_104' title="bbox 2165 3891 3809 3968">
    <p class='ocr_par' dir='ltr' id='par_1_104' title="bbox 2165 3891 3809 3968">
     <span class='ocr_line' id='line_1_105' title="bbox 2165 3891 3809 3968; baseline 0.004 -22"><span class='ocrx_word' id='word_1_694' title='bbox 2165 3895 2354 3968; x_wconf 80' lang='lat' dir='ltr'><strong>terum</strong></span> <span class='ocrx_word' id='word_1_695' title='bbox 2390 3891 3033 3968; x_wconf 77' lang='lat' dir='ltr'><strong>Lochibelliiocensium</strong></span> <span class='ocrx_word' id='word_1_696' title='bbox 3078 3891 3610 3968; x_wconf 27' lang='lat' dir='ltr'><strong>scholarumAusum</strong></span> <span class='ocrx_word' id='word_1_697' title='bbox 3643 3897 3809 3968; x_wconf 76' lang='lat' dir='ltr'><strong>iega-</strong></span> 
     </span>
    </p>
   </div>
   <div class='ocr_carea' id='block_1_105' title="bbox 2164 3962 3814 4038">
    <p class='ocr_par' dir='ltr' id='par_1_105' title="bbox 2164 3962 3814 4038">
     <span class='ocr_line' id='line_1_106' title="bbox 2164 3962 3814 4038; baseline 0.003 -20"><span class='ocrx_word' id='word_1_698' title='bbox 2164 3966 2262 4031; x_wconf 91' lang='lat' dir='ltr'><strong>tis,</strong></span> <span class='ocrx_word' id='word_1_699' title='bbox 2283 3963 2348 4038; x_wconf 83' lang='lat' dir='ltr'><strong>_in</strong></span> <span class='ocrx_word' id='word_1_700' title='bbox 2383 3965 2597 4038; x_wconf 83' lang='lat' dir='ltr'><strong>quibus</strong></span> <span class='ocrx_word' id='word_1_701' title='bbox 2628 3981 2662 4019; x_wconf 90' lang='lat' dir='ltr'><strong>a</strong></span> <span class='ocrx_word' id='word_1_702' title='bbox 2691 3966 2912 4020; x_wconf 86' lang='lat' dir='ltr'><strong>rustico</strong></span> <span class='ocrx_word' id='word_1_703' title='bbox 2947 3962 3433 4038; x_wconf 79' lang='lat' dir='ltr'><strong>Chathburgiensi</strong></span> <span class='ocrx_word' id='word_1_704' title='bbox 3463 3962 3814 4023; x_wconf 35' lang='lat' dir='ltr'><strong>allatumv-id</strong></span> 
     </span>
    </p>
   </div>
   <div class='ocr_carea' id='block_1_106' title="bbox 2164 4035 3820 4110">
    <p class='ocr_par' dir='ltr' id='par_1_106' title="bbox 2164 4035 3820 4110">
     <span class='ocr_line' id='line_1_107' title="bbox 2164 4035 3820 4110; baseline 0.004 -20"><span class='ocrx_word' id='word_1_705' title='bbox 2164 4051 2257 4110; x_wconf 82' lang='lat' dir='ltr'><strong>me</strong></span> <span class='ocrx_word' id='word_1_706' title='bbox 2283 4035 2544 4110; x_wconf 60' lang='lat' dir='ltr'><strong>libellum</strong></span> <span class='ocrx_word' id='word_1_707' title='bbox 2579 4052 2708 4110; x_wconf 84' lang='lat' dir='ltr'><strong>meo</strong></span> <span class='ocrx_word' id='word_1_708' title='bbox 2738 4035 3414 4110; x_wconf 9' lang='lat' dir='ltr'><strong>ierencqmparavifalias</strong></span> <span class='ocrx_word' id='word_1_709' title='bbox 3443 4039 3631 4110; x_wconf 86' lang='lat' dir='ltr'><strong>plura.</strong></span> <span class='ocrx_word' id='word_1_710' title='bbox 3663 4041 3820 4097; x_wconf 82' lang='lat' dir='ltr'><strong>Eum</strong></span> 
     </span>
    </p>
   </div>
   <div class='ocr_carea' id='block_1_107' title="bbox 2163 4105 3826 4184">
    <p class='ocr_par' dir='ltr' id='par_1_107' title="bbox 2163 4105 3826 4184">
     <span class='ocr_line' id='line_1_108' title="bbox 2163 4105 3826 4184; baseline 0.004 -24"><span class='ocrx_word' id='word_1_711' title='bbox 2163 4106 2318 4184; x_wconf 82' lang='lat' dir='ltr'><strong>enim</strong></span> <span class='ocrx_word' id='word_1_712' title='bbox 2352 4107 2869 4184; x_wconf 55' lang='lat' dir='ltr'><strong>__Christ_ig1iss_i_mi</strong></span> <span class='ocrx_word' id='word_1_713' title='bbox 2914 4105 3283 4184; x_wconf 57' lang='lat' dir='ltr'><strong>Francorum</strong></span> <span class='ocrx_word' id='word_1_714' title='bbox 3343 4105 3826 4184; x_wconf 79' lang='lat' dir='ltr'><strong>Polonorumque</strong></span> 
     </span>
    </p>
   </div>
   <div class='ocr_carea' id='block_1_108' title="bbox 2163 4177 3828 4252">
    <p class='ocr_par' dir='ltr' id='par_1_108' title="bbox 2163 4177 3828 4252">
     <span class='ocr_line' id='line_1_109' title="bbox 2163 4177 3828 4252; baseline 0.005 -20"><span class='ocrx_word' id='word_1_715' title='bbox 2163 4181 2318 4250; x_wconf 77' lang='lat' dir='ltr'><strong>regis</strong></span> <span class='ocrx_word' id='word_1_716' title='bbox 2351 4177 2794 4252; x_wconf 75' lang='lat' dir='ltr'><strong>Henrici_&#39;l‘e_rtii</strong></span> <span class='ocrx_word' id='word_1_717' title='bbox 2854 4178 3130 4252; x_wconf 80' lang='lat' dir='ltr'><strong>trivatum</strong></span> <span class='ocrx_word' id='word_1_718' title='bbox 3179 4179 3359 4252; x_wconf 80' lang='lat' dir='ltr'><strong>fuisse</strong></span> <span class='ocrx_word' id='word_1_719' title='bbox 3417 4182 3618 4252; x_wconf 91' lang='lat' dir='ltr'><strong>audio,</strong></span> <span class='ocrx_word' id='word_1_720' title='bbox 3651 4177 3828 4252; x_wconf 65' lang='lat' dir='ltr'><strong>cujus</strong></span> 
     </span>
    </p>
   </div>
   <div class='ocr_carea' id='block_1_109' title="bbox 2165 4249 3826 4312">
    <p class='ocr_par' dir='ltr' id='par_1_109' title="bbox 2165 4249 3826 4312">
     <span class='ocr_line' id='line_1_110' title="bbox 2165 4249 3826 4312; baseline 0.005 -9"><span class='ocrx_word' id='word_1_721' title='bbox 2165 4249 2527 4305; x_wconf 82' lang='lat' dir='ltr'><strong>mausoleum</strong></span> <span class='ocrx_word' id='word_1_722' title='bbox 2589 4250 2649 4304; x_wconf 89' lang='lat' dir='ltr'><strong>in</strong></span> <span class='ocrx_word' id='word_1_723' title='bbox 2684 4250 2745 4304; x_wconf 89' lang='grc' dir='ltr'><strong>Β.</strong></span> <span class='ocrx_word' id='word_1_724' title='bbox 2795 4250 2945 4304; x_wconf 84' lang='lat' dir='ltr'><strong>Petri</strong></span> <span class='ocrx_word' id='word_1_725' title='bbox 3007 4251 3299 4306; x_wconf 74' lang='lat' dir='ltr'><strong>Caelestini</strong></span> <span class='ocrx_word' id='word_1_726' title='bbox 3353 4251 3476 4309; x_wconf 68' lang='lat' dir='ltr'><strong>aade</strong></span> <span class='ocrx_word' id='word_1_727' title='bbox 3519 4249 3826 4312; x_wconf 81' lang='lat' dir='ltr'><strong>marmore</strong></span> 
     </span>
    </p>
   </div>
   <div class='ocr_carea' id='block_1_110' title="bbox 2161 4321 3824 4396">
    <p class='ocr_par' dir='ltr' id='par_1_110' title="bbox 2161 4321 3824 4396">
     <span class='ocr_line' id='line_1_111' title="bbox 2161 4321 3824 4396; baseline 0.004 -21"><span class='ocrx_word' id='word_1_728' title='bbox 2161 4321 2326 4375; x_wconf 90' lang='lat' dir='ltr'><strong>Pario</strong></span> <span class='ocrx_word' id='word_1_729' title='bbox 2359 4321 3034 4396; x_wconf 74' lang='lat' dir='ltr'><strong>exstructum__videatur,</strong></span> <span class='ocrx_word' id='word_1_730' title='bbox 3067 4323 3302 4396; x_wconf 82' lang='lat' dir='ltr'><strong>quique</strong></span> <span class='ocrx_word' id='word_1_731' title='bbox 3335 4326 3490 4394; x_wconf 89' lang='lat' dir='ltr'><strong>apud</strong></span> <span class='ocrx_word' id='word_1_732' title='bbox 3555 4326 3824 4396; x_wconf 79' lang='lat' dir='ltr'><strong>Engolis-</strong></span> 
     </span>
    </p>
   </div>
   <div class='ocr_carea' id='block_1_111' title="bbox 2163 4393 3825 4466">
    <p class='ocr_par' dir='ltr' id='par_1_111' title="bbox 2163 4393 3825 4466">
     <span class='ocr_line' id='line_1_112' title="bbox 2163 4393 3825 4466; baseline 0.003 -19"><span class='ocrx_word' id='word_1_733' title='bbox 2163 4407 2411 4466; x_wconf 73' lang='lat' dir='ltr'><strong>menses,</strong></span> <span class='ocrx_word' id='word_1_734' title='bbox 2445 4398 2505 4447; x_wconf 89' lang='lat' dir='ltr'><strong>ut</strong></span> <span class='ocrx_word' id='word_1_735' title='bbox 2543 4393 2602 4466; x_wconf 87' lang='lat' dir='ltr'><strong>D_.</strong></span> <span class='ocrx_word' id='word_1_736' title='bbox 2640 4393 3102 4466; x_wconf 71' lang='lat' dir='ltr'><strong>Bellai&#39;orestaaus</strong></span> <span class='ocrx_word' id='word_1_737' title='bbox 3130 4394 3357 4460; x_wconf 82' lang='lat' dir='ltr'><strong>scribit,</strong></span> <span class='ocrx_word' id='word_1_738' title='bbox 3379 4393 3492 4466; x_wconf 78' lang='lat' dir='ltr'><strong>pro</strong></span> <span class='ocrx_word' id='word_1_739' title='bbox 3528 4393 3700 4453; x_wconf 67' lang='lat' dir='ltr'><strong>beato</strong></span> <span class='ocrx_word' id='word_1_740' title='bbox 3729 4415 3825 4452; x_wconf 86' lang='lat' dir='ltr'><strong>co-</strong></span> 
     </span>
    </p>
   </div>
   <div class='ocr_carea' id='block_1_112' title="bbox 2159 4463 3824 4536">
    <p class='ocr_par' dir='ltr' id='par_1_112' title="bbox 2159 4463 3824 4536">
     <span class='ocr_line' id='line_1_113' title="bbox 2159 4463 3824 4536; baseline 0.005 -17"><span class='ocrx_word' id='word_1_741' title='bbox 2159 4463 2329 4521; x_wconf 83' lang='lat' dir='ltr'><strong>latur.</strong></span> <span class='ocrx_word' id='word_1_742' title='bbox 2360 4463 2526 4536; x_wconf 71' lang='lat' dir='ltr'><strong>Certe</strong></span> <span class='ocrx_word' id='word_1_743' title='bbox 2558 4463 2704 4519; x_wconf 87' lang='lat' dir='ltr'><strong>liber</strong></span> <span class='ocrx_word' id='word_1_744' title='bbox 2734 4480 2910 4536; x_wconf 89' lang='lat' dir='ltr'><strong>quem</strong></span> <span class='ocrx_word' id='word_1_745' title='bbox 2969 4463 3151 4520; x_wconf 88' lang='lat' dir='ltr'><strong>habeo</strong></span> <span class='ocrx_word' id='word_1_746' title='bbox 3183 4463 3413 4536; x_wconf 77' lang='lat' dir='ltr'><strong>pietatis</strong></span> <span class='ocrx_word' id='word_1_747' title='bbox 3445 4469 3824 4527; x_wconf 85' lang='lat' dir='ltr'><strong>studiosissi-</strong></span> 
     </span>
    </p>
   </div>
   <div class='ocr_carea' id='block_1_113' title="bbox 2162 4535 3822 4612">
    <p class='ocr_par' dir='ltr' id='par_1_113' title="bbox 2162 4535 3822 4612">
     <span class='ocr_line' id='line_1_114' title="bbox 2162 4535 3822 4612; baseline 0.005 -24"><span class='ocrx_word' id='word_1_748' title='bbox 2162 4551 2320 4589; x_wconf 89' lang='lat' dir='ltr'><strong>mum</strong></span> <span class='ocrx_word' id='word_1_749' title='bbox 2351 4535 2532 4612; x_wconf 70' lang='lat' dir='ltr'><strong>fuisse</strong></span> <span class='ocrx_word' id='word_1_750' title='bbox 2553 4535 2833 4612; x_wconf 76' lang='lat' dir='ltr'><strong>testatur,</strong></span> <span class='ocrx_word' id='word_1_751' title='bbox 2883 4540 3038 4591; x_wconf 89' lang='lat' dir='ltr'><strong>totus</strong></span> <span class='ocrx_word' id='word_1_752' title='bbox 3071 4537 3184 4608; x_wconf 88' lang='lat' dir='ltr'><strong>piis</strong></span> <span class='ocrx_word' id='word_1_753' title='bbox 3216 4538 3556 4612; x_wconf 41' lang='lat' dir='ltr'><strong>“sententiis</strong></span> <span class='ocrx_word' id='word_1_754' title='bbox 3591 4558 3822 4612; x_wconf 75' lang='lat' dir='ltr'><strong>resper-</strong></span> 
     </span>
    </p>
   </div>
   <div class='ocr_carea' id='block_1_114' title="bbox 2161 4605 3824 4677">
    <p class='ocr_par' dir='ltr' id='par_1_114' title="bbox 2161 4605 3824 4677">
     <span class='ocr_line' id='line_1_115' title="bbox 2161 4605 3824 4677; baseline 0.004 -15"><span class='ocrx_word' id='word_1_755' title='bbox 2161 4623 2284 4671; x_wconf 86' lang='lat' dir='ltr'><strong>sus,</strong></span> <span class='ocrx_word' id='word_1_756' title='bbox 2312 4619 2456 4676; x_wconf 88' lang='lat' dir='ltr'><strong>quas</strong></span> <span class='ocrx_word' id='word_1_757' title='bbox 2486 4605 2608 4662; x_wconf 93' lang='lat' dir='ltr'><strong>Odo</strong></span> <span class='ocrx_word' id='word_1_758' title='bbox 2638 4608 2697 4661; x_wconf 92' lang='lat' dir='ltr'><strong>in</strong></span> <span class='ocrx_word' id='word_1_759' title='bbox 2729 4608 2856 4677; x_wconf 83' lang='lat' dir='ltr'><strong>ejus</strong></span> <span class='ocrx_word' id='word_1_760' title='bbox 2889 4605 3283 4664; x_wconf 48' lang='lat' dir='ltr'><strong>usum—Variis</strong></span> <span class='ocrx_word' id='word_1_761' title='bbox 3344 4625 3412 4664; x_wconf 90' lang='lat' dir='ltr'><strong>ex</strong></span> <span class='ocrx_word' id='word_1_762' title='bbox 3471 4605 3824 4668; x_wconf 76' lang='lat' dir='ltr'><strong>auctoribus</strong></span> 
     </span>
    </p>
   </div>
   <div class='ocr_carea' id='block_1_115' title="bbox 2163 4675 2998 4749">
    <p class='ocr_par' dir='ltr' id='par_1_115' title="bbox 2163 4675 2998 4749">
     <span class='ocr_line' id='line_1_116' title="bbox 2163 4675 2998 4749; baseline 0.004 -18"><span class='ocrx_word' id='word_1_763' title='bbox 2163 4675 2348 4734; x_wconf 79' lang='lat' dir='ltr'><strong>sacris</strong></span> <span class='ocrx_word' id='word_1_764' title='bbox 2375 4683 2430 4733; x_wconf 90' lang='lat' dir='ltr'><strong>et</strong></span> <span class='ocrx_word' id='word_1_765' title='bbox 2462 4677 2722 4749; x_wconf 78' lang='lat' dir='ltr'><strong>profanis</strong></span> <span class='ocrx_word' id='word_1_766' title='bbox 2748 4675 2998 4744; x_wconf 71' lang='lat' dir='ltr'><strong>collegit.</strong></span> 
     </span>
    </p>
   </div>
   <div class='ocr_carea' id='block_1_116' title="bbox 2236 4747 3824 4824">
    <p class='ocr_par' dir='ltr' id='par_1_116' title="bbox 2236 4747 3824 4824">
     <span class='ocr_line' id='line_1_117' title="bbox 2236 4747 3824 4824; baseline 0.004 -20"><span class='ocrx_word' id='word_1_767' title='bbox 2236 4747 2513 4824; x_wconf 77' lang='lat' dir='ltr'><strong>superest</strong></span> <span class='ocrx_word' id='word_1_768' title='bbox 2533 4747 2772 4824; x_wconf 76' lang='lat' dir='ltr'><strong>Italicus</strong></span> <span class='ocrx_word' id='word_1_769' title='bbox 2792 4749 3028 4824; x_wconf 80' lang='lat' dir='ltr'><strong>libellus</strong></span> <span class='ocrx_word' id='word_1_770' title='bbox 3061 4755 3126 4806; x_wconf 85' lang='grc' dir='ltr'><strong>Ι).</strong></span> <span class='ocrx_word' id='word_1_771' title='bbox 3158 4750 3566 4824; x_wconf 70' lang='lat' dir='ltr'><strong>ghristophori</strong></span> <span class='ocrx_word' id='word_1_772' title='bbox 3603 4755 3824 4810; x_wconf 70' lang='lat' dir='ltr'><strong>Aretini</strong></span> 
     </span>
    </p>
   </div>
   <div class='ocr_carea' id='block_1_117' title="bbox 2162 4821 3824 4898">
    <p class='ocr_par' dir='ltr' id='par_1_117' title="bbox 2162 4821 3824 4898">
     <span class='ocr_line' id='line_1_118' title="bbox 2162 4821 3824 4898; baseline 0.004 -23"><span class='ocrx_word' id='word_1_773' title='bbox 2162 4821 2549 4898; x_wconf 31' lang='lat' dir='ltr'><strong>Dochiensis,‘</strong></span> <span class='ocrx_word' id='word_1_774' title='bbox 2580 4837 2696 4898; x_wconf 90' lang='lat' dir='ltr'><strong>quo</strong></span> <span class='ocrx_word' id='word_1_775' title='bbox 2753 4821 3126 4898; x_wconf 64' lang='lat' dir='ltr'><strong>itinerarium</strong></span> <span class='ocrx_word' id='word_1_776' title='bbox 3160 4821 3448 4898; x_wconf 77' lang='lat' dir='ltr'><strong>Francisci</strong></span> <span class='ocrx_word' id='word_1_777' title='bbox 3513 4825 3720 4898; x_wconf 72' lang='lat' dir='ltr'><strong>Magni</strong></span> <span class='ocrx_word' id='word_1_778' title='bbox 3754 4829 3824 4882; x_wconf 86' lang='lat' dir='ltr'><strong>ab</strong></span> 
     </span>
    </p>
   </div>
   <div class='ocr_carea' id='block_1_118' title="bbox 2161 4891 3823 4964">
    <p class='ocr_par' dir='ltr' id='par_1_118' title="bbox 2161 4891 3823 4964">
     <span class='ocr_line' id='line_1_119' title="bbox 2161 4891 3823 4964; baseline 0.005 -18"><span class='ocrx_word' id='word_1_779' title='bbox 2161 4891 2450 4964; x_wconf 81' lang='lat' dir='ltr'><strong>Avenione</strong></span> <span class='ocrx_word' id='word_1_780' title='bbox 2481 4893 2550 4947; x_wconf 86' lang='lat' dir='ltr'><strong>ad</strong></span> <span class='ocrx_word' id='word_1_781' title='bbox 2603 4895 2882 4947; x_wconf 77' lang='lat' dir='ltr'><strong>Peronam</strong></span> <span class='ocrx_word' id='word_1_782' title='bbox 2933 4891 3447 4964; x_wconf 86' lang='lat' dir='ltr'><strong>aBurgundorum</strong></span> <span class='ocrx_word' id='word_1_783' title='bbox 3509 4891 3823 4954; x_wconf 64' lang='lat' dir='ltr'><strong>obsidione</strong></span> 
     </span>
    </p>
   </div>
   <div class='ocr_carea' id='block_1_119' title="bbox 2165 4963 3818 5038">
    <p class='ocr_par' dir='ltr' id='par_1_119' title="bbox 2165 4963 3818 5038">
     <span class='ocr_line' id='line_1_120' title="bbox 2165 4963 3818 5038; baseline 0.004 -20"><span class='ocrx_word' id='word_1_784' title='bbox 2165 4963 2525 5018; x_wconf 88' lang='lat' dir='ltr'><strong>liberandam</strong></span> <span class='ocrx_word' id='word_1_785' title='bbox 2562 4963 2935 5038; x_wconf 74' lang='lat' dir='ltr'><strong>describens_</strong></span> <span class='ocrx_word' id='word_1_786' title='bbox 2952 4963 3245 5038; x_wconf 66' lang='lat' dir='ltr'><strong>pleraque</strong></span> <span class='ocrx_word' id='word_1_787' title='bbox 3281 4965 3426 5031; x_wconf 88' lang='lat' dir='ltr'><strong>ioca,</strong></span> <span class='ocrx_word' id='word_1_788' title='bbox 3491 4973 3818 5038; x_wconf 60' lang='lat' dir='ltr'><strong>praesertim</strong></span> 
     </span>
    </p>
   </div>
   <div class='ocr_carea' id='block_1_120' title="bbox 2163 5029 3818 5101">
    <p class='ocr_par' dir='ltr' id='par_1_120' title="bbox 2163 5029 3818 5101">
     <span class='ocr_line' id='line_1_121' title="bbox 2163 5029 3818 5101; baseline 0.004 -11"><span class='ocrx_word' id='word_1_789' title='bbox 2163 5052 2350 5101; x_wconf 86' lang='lat' dir='ltr'><strong>sacra,</strong></span> <span class='ocrx_word' id='word_1_790' title='bbox 2397 5043 2834 5090; x_wconf 86' lang='lat' dir='ltr'><strong>commemorat.</strong></span> <span class='ocrx_word' id='word_1_791' title='bbox 2894 5029 3042 5090; x_wconf 77' lang='lat' dir='ltr'><strong>Eum</strong></span> <span class='ocrx_word' id='word_1_792' title='bbox 3103 5029 3248 5091; x_wconf 81' lang='lat' dir='ltr'><strong>mihi</strong></span> <span class='ocrx_word' id='word_1_793' title='bbox 3300 5029 3818 5096; x_wconf 69' lang='lat' dir='ltr'><strong>transcribendum</strong></span> 
     </span>
    </p>
   </div>
   <div class='ocr_carea' id='block_1_121' title="bbox 2163 5102 3820 5180">
    <p class='ocr_par' dir='ltr' id='par_1_121' title="bbox 2163 5102 3820 5180">
     <span class='ocr_line' id='line_1_122' title="bbox 2163 5102 3820 5180; baseline 0.003 -19"><span class='ocrx_word' id='word_1_794' title='bbox 2163 5107 2450 5180; x_wconf 69' lang='lat' dir='ltr'><strong>gommisii</strong></span> <span class='ocrx_word' id='word_1_795' title='bbox 2487 5111 2548 5162; x_wconf 83' lang='grc' dir='ltr'><strong>υ.</strong></span> <span class='ocrx_word' id='word_1_796' title='bbox 2582 5102 2821 5180; x_wconf 73' lang='lat' dir='ltr'><strong>Michael</strong></span> <span class='ocrx_word' id='word_1_797' title='bbox 2851 5107 3148 5180; x_wconf 82' lang='lat' dir='ltr'><strong>Aretinns,</strong></span> <span class='ocrx_word' id='word_1_798' title='bbox 3189 5109 3307 5180; x_wconf 83' lang='lat' dir='ltr'><strong>qui</strong></span> <span class='ocrx_word' id='word_1_799' title='bbox 3347 5111 3598 5179; x_wconf 86' lang='lat' dir='ltr'><strong>ejusque</strong></span> <span class='ocrx_word' id='word_1_800' title='bbox 3641 5113 3820 5168; x_wconf 79' lang='lat' dir='ltr'><strong>frater</strong></span> 
     </span>
    </p>
   </div>
   <div class='ocr_carea' id='block_1_122' title="bbox 2162 5177 3818 5248">
    <p class='ocr_par' dir='ltr' id='par_1_122' title="bbox 2162 5177 3818 5248">
     <span class='ocr_line' id='line_1_123' title="bbox 2162 5177 3818 5248; baseline 0.002 -14"><span class='ocrx_word' id='word_1_801' title='bbox 2162 5178 2229 5234; x_wconf 93' lang='lat' dir='ltr'><strong>D.</strong></span> <span class='ocrx_word' id='word_1_802' title='bbox 2258 5182 2556 5248; x_wconf 83' lang='lat' dir='ltr'><strong>Gasparus</strong></span> <span class='ocrx_word' id='word_1_803' title='bbox 2587 5179 2860 5233; x_wconf 81' lang='lat' dir='ltr'><strong>Aretinus</strong></span> <span class='ocrx_word' id='word_1_804' title='bbox 2891 5177 2951 5232; x_wconf 82' lang='lat' dir='ltr'><strong>in</strong></span> <span class='ocrx_word' id='word_1_805' title='bbox 3001 5178 3123 5233; x_wconf 68' lang='lat' dir='ltr'><strong>teda</strong></span> <span class='ocrx_word' id='word_1_806' title='bbox 3183 5177 3513 5236; x_wconf 42' lang='lat' dir='ltr'><strong>Lochiensi&#39;</strong></span> <span class='ocrx_word' id='word_1_807' title='bbox 3542 5185 3818 5239; x_wconf 83' lang='lat' dir='ltr'><strong>canonici</strong></span> 
     </span>
    </p>
   </div>
   <div class='ocr_carea' id='block_1_123' title="bbox 2167 5247 3815 5326">
    <p class='ocr_par' dir='ltr' id='par_1_123' title="bbox 2167 5247 3815 5326">
     <span class='ocr_line' id='line_1_124' title="bbox 2167 5247 3815 5326; baseline 0.005 -24"><span class='ocrx_word' id='word_1_808' title='bbox 2167 5247 2270 5326; x_wconf 57' lang='lat' dir='ltr'><strong>{iiii</strong></span> <span class='ocrx_word' id='word_1_809' title='bbox 2299 5247 2697 5326; x_wconf 68' lang='lat' dir='ltr'><strong>Christophori</strong></span> <span class='ocrx_word' id='word_1_810' title='bbox 2730 5253 2888 5326; x_wconf 76' lang='lat' dir='ltr'><strong>sunt,</strong></span> <span class='ocrx_word' id='word_1_811' title='bbox 2946 5251 3208 5326; x_wconf 74' lang='lat' dir='ltr'><strong>ejusdem</strong></span> <span class='ocrx_word' id='word_1_812' title='bbox 3239 5267 3306 5305; x_wconf 85' lang='lat' dir='ltr'><strong>ex</strong></span> <span class='ocrx_word' id='word_1_813' title='bbox 3355 5253 3479 5326; x_wconf 75' lang='lat' dir='ltr'><strong>filia</strong></span> <span class='ocrx_word' id='word_1_814' title='bbox 3530 5270 3720 5326; x_wconf 82' lang='lat' dir='ltr'><strong>nepos</strong></span> <span class='ocrx_word' id='word_1_815' title='bbox 3753 5255 3815 5310; x_wconf 90' lang='lat' dir='ltr'><strong>D.</strong></span> 
     </span>
    </p>
   </div>
   <div class='ocr_carea' id='block_1_124' title="bbox 2160 5320 3818 5392">
    <p class='ocr_par' dir='ltr' id='par_1_124' title="bbox 2160 5320 3818 5392">
     <span class='ocr_line' id='line_1_125' title="bbox 2160 5320 3818 5392; baseline 0.006 -20"><span class='ocrx_word' id='word_1_816' title='bbox 2160 5323 2505 5376; x_wconf 83' lang='lat' dir='ltr'><strong>Franciscus</strong></span> <span class='ocrx_word' id='word_1_817' title='bbox 2539 5320 2944 5392; x_wconf 45' lang='lat' dir='ltr'><strong>&quot;Penissaidus</strong></span> <span class='ocrx_word' id='word_1_818' title='bbox 3002 5320 3395 5392; x_wconf 88' lang='lat' dir='ltr'><strong>regiusapud</strong></span> <span class='ocrx_word' id='word_1_819' title='bbox 3457 5320 3818 5382; x_wconf 78' lang='lat' dir='ltr'><strong>Lochienses</strong></span> 
     </span>
    </p>
   </div>
   <div class='ocr_carea' id='block_1_125' title="bbox 2163 5389 3814 5464">
    <p class='ocr_par' dir='ltr' id='par_1_125' title="bbox 2163 5389 3814 5464">
     <span class='ocr_line' id='line_1_126' title="bbox 2163 5389 3814 5464; baseline 0.004 -18"><span class='ocrx_word' id='word_1_820' title='bbox 2163 5399 2502 5464; x_wconf 77' lang='lat' dir='ltr'><strong>procurator</strong></span> <span class='ocrx_word' id='word_1_821' title='bbox 2532 5397 2597 5447; x_wconf 89' lang='lat' dir='ltr'><strong>ut</strong></span> <span class='ocrx_word' id='word_1_822' title='bbox 2627 5398 2681 5447; x_wconf 88' lang='lat' dir='ltr'><strong>et</strong></span> <span class='ocrx_word' id='word_1_823' title='bbox 2708 5389 2803 5447; x_wconf 90' lang='lat' dir='ltr'><strong>alii</strong></span> <span class='ocrx_word' id='word_1_824' title='bbox 2834 5389 3098 5464; x_wconf 73' lang='lat' dir='ltr'><strong>plerique</strong></span> <span class='ocrx_word' id='word_1_825' title='bbox 3127 5391 3258 5448; x_wconf 81' lang='lat' dir='ltr'><strong>aliis</strong></span> <span class='ocrx_word' id='word_1_826' title='bbox 3287 5389 3358 5448; x_wconf 85' lang='lat' dir='ltr'><strong>ex</strong></span> <span class='ocrx_word' id='word_1_827' title='bbox 3413 5394 3681 5464; x_wconf 83' lang='lat' dir='ltr'><strong>ﬁliabus,</strong></span> <span class='ocrx_word' id='word_1_828' title='bbox 3717 5399 3814 5453; x_wconf 82' lang='lat' dir='ltr'><strong>sed</strong></span> 
     </span>
    </p>
   </div>
   <div class='ocr_carea' id='block_1_126' title="bbox 2162 5461 3812 5525">
    <p class='ocr_par' dir='ltr' id='par_1_126' title="bbox 2162 5461 3812 5525">
     <span class='ocr_line' id='line_1_127' title="bbox 2162 5461 3812 5525; baseline 0.004 -8"><span class='ocrx_word' id='word_1_829' title='bbox 2162 5461 2280 5518; x_wconf 53' lang='lat' dir='ltr'><strong>hac</strong></span> <span class='ocrx_word' id='word_1_830' title='bbox 2309 5464 2611 5520; x_wconf 88' lang='lat' dir='ltr'><strong>hactenus.</strong></span> <span class='ocrx_word' id='word_1_831' title='bbox 2642 5467 2770 5522; x_wconf 85' lang='lat' dir='ltr'><strong>Jam</strong></span> <span class='ocrx_word' id='word_1_832' title='bbox 2832 5461 3042 5518; x_wconf 58' lang='lat' dir='ltr'><strong>Nicetis</strong></span> <span class='ocrx_word' id='word_1_833' title='bbox 3102 5465 3492 5521; x_wconf 88' lang='lat' dir='ltr'><strong>narrationem</strong></span> <span class='ocrx_word' id='word_1_834' title='bbox 3543 5467 3619 5523; x_wconf 88' lang='lat' dir='ltr'><strong>de</strong></span> <span class='ocrx_word' id='word_1_835' title='bbox 3655 5461 3812 5525; x_wconf 72' lang='lat' dir='ltr'><strong>Aria-</strong></span> 
     </span>
    </p>
   </div>
   <div class='ocr_carea' id='block_1_127' title="bbox 2162 5535 3809 5604">
    <p class='ocr_par' dir='ltr' id='par_1_127' title="bbox 2162 5535 3809 5604">
     <span class='ocr_line' id='line_1_128' title="bbox 2162 5535 3809 5604; baseline 0.005 -16"><span class='ocrx_word' id='word_1_836' title='bbox 2162 5536 2274 5600; x_wconf 90' lang='lat' dir='ltr'><strong>nis,</strong></span> <span class='ocrx_word' id='word_1_837' title='bbox 2307 5535 2740 5597; x_wconf 88' lang='lat' dir='ltr'><strong>Homousianis,</strong></span> <span class='ocrx_word' id='word_1_838' title='bbox 2773 5535 3166 5603; x_wconf 73' lang='lat' dir='ltr'><strong>Anomceanis,</strong></span> <span class='ocrx_word' id='word_1_839' title='bbox 3229 5536 3670 5604; x_wconf 79' lang='lat' dir='ltr'><strong>Exucontianis,</strong></span> <span class='ocrx_word' id='word_1_840' title='bbox 3701 5541 3809 5596; x_wconf 80' lang='lat' dir='ltr'><strong>Eu-</strong></span> 
     </span>
    </p>
   </div>
   <div class='ocr_carea' id='block_1_128' title="bbox 2162 5603 3808 5675">
    <p class='ocr_par' dir='ltr' id='par_1_128' title="bbox 2162 5603 3808 5675">
     <span class='ocr_line' id='line_1_129' title="bbox 2162 5603 3808 5675; baseline 0.003 -13"><span class='ocrx_word' id='word_1_841' title='bbox 2162 5607 2477 5675; x_wconf 75' lang='lat' dir='ltr'><strong>nomianis,</strong></span> <span class='ocrx_word' id='word_1_842' title='bbox 2509 5609 2734 5662; x_wconf 72' lang='lat' dir='ltr'><strong>caeteris</strong></span> <span class='ocrx_word' id='word_1_843' title='bbox 2792 5603 3132 5675; x_wconf 69' lang='lat' dir='ltr'><strong>huiusmodi</strong></span> <span class='ocrx_word' id='word_1_844' title='bbox 3189 5605 3506 5664; x_wconf 68' lang='lat' dir='ltr'><strong>haeresibus</strong></span> <span class='ocrx_word' id='word_1_845' title='bbox 3539 5627 3610 5666; x_wconf 87' lang='lat' dir='ltr'><strong>ex</strong></span> <span class='ocrx_word' id='word_1_846' title='bbox 3655 5611 3808 5667; x_wconf 83' lang='lat' dir='ltr'><strong>beati</strong></span> 
     </span>
    </p>
   </div>
   <div class='ocr_carea' id='block_1_129' title="bbox 2161 5675 3811 5748">
    <p class='ocr_par' dir='ltr' id='par_1_129' title="bbox 2161 5675 3811 5748">
     <span class='ocr_line' id='line_1_130' title="bbox 2161 5675 3811 5748; baseline 0.005 -17"><span class='ocrx_word' id='word_1_847' title='bbox 2161 5677 2532 5748; x_wconf 86' lang='lat' dir='ltr'><strong>potissimum</strong></span> <span class='ocrx_word' id='word_1_848' title='bbox 2560 5675 2862 5733; x_wconf 83' lang='lat' dir='ltr'><strong>Athanasii</strong></span> <span class='ocrx_word' id='word_1_849' title='bbox 2885 5675 3200 5733; x_wconf 85' lang='lat' dir='ltr'><strong>Christiani</strong></span> <span class='ocrx_word' id='word_1_850' title='bbox 3227 5679 3641 5738; x_wconf 64' lang='lat' dir='ltr'><strong>Pancratiaste</strong></span> <span class='ocrx_word' id='word_1_851' title='bbox 3667 5685 3811 5739; x_wconf 83' lang='lat' dir='ltr'><strong>scri-</strong></span> 
     </span>
    </p>
   </div>
   <div class='ocr_carea' id='block_1_130' title="bbox 2160 5748 3092 5821">
    <p class='ocr_par' dir='ltr' id='par_1_130' title="bbox 2160 5748 3092 5821">
     <span class='ocr_line' id='line_1_131' title="bbox 2160 5748 3092 5821; baseline 0.004 -19"><span class='ocrx_word' id='word_1_852' title='bbox 2160 5749 2273 5818; x_wconf 87' lang='lat' dir='ltr'><strong>ptis</strong></span> <span class='ocrx_word' id='word_1_853' title='bbox 2303 5755 2626 5820; x_wconf 85' lang='lat' dir='ltr'><strong>excerptam</strong></span> <span class='ocrx_word' id='word_1_854' title='bbox 2659 5748 3092 5821; x_wconf 83' lang='lat' dir='ltr'><strong>aggrediamur.</strong></span> 
     </span>
    </p>
   </div>
  </div>
