4090 6192
263 352 419 420 1365

1611 350 2005 418 ἸἮΕΒΑυΒΙ
2051 359 2199 419 LIB.
2247 359 2322 418 V.

3528 364 3689 424 1366

310 495 476 549 ,Cum
512 491 664 546 enim
700 488 926 546 Patrem
988 493 1243 563 periecte
1301 498 1359 548 et
1409 496 1605 547 exacte
1652 506 1765 547 non
1814 509 1910 547 co-
1942 496 1991 560 Α
2023 498 2238 549 essent.
2273 494 2384 561 Qui
2415 510 2547 550 cum
2583 494 2712 551 aliis
2740 495 3033 567 episcopis
3063 495 3122 552 in
3173 496 3492 553 Palaestina
3548 488 3688 554 con-

261 590 525 657 gnoscai,
559 596 626 636 ea
678 581 751 637 de
803 594 984 636 causa
1041 592 1149 637 nec
1197 594 1330 638 eum
1390 582 1637 653 perfecte
1685 596 1914 652 quoque
2023 582 2322 638 venientes
2354 584 2470 638 Arii
2508 584 2819 656 postulatis
2854 585 3357 655 supscripserunt.

258 673 453 728 videre
486 674 677 742 potest
706 685 719 737 ;
751 667 870 724 imo
904 682 974 725 ne
1006 684 1174 726 suam
1204 672 1440 743 quidem
1474 671 1663 743 ipsius
1711 685 1909 726 essen-

258 762 421 825 tiam,
455 760 646 831 qualis
675 754 776 827 sit,
808 764 1167 830 perspectam
1202 767 1258 815 st
1306 752 1662 828 exploratam
1711 759 1907 828 habet,

254 860 387 907 cum
423 852 660 920 prepter
692 862 797 903 nos
840 848 1026 903 factus
1076 849 1268 916 fuerit,
1333 855 1392 906 ut
1445 860 1548 904 nos
1598 861 1701 921 per
1749 864 1906 913 eum,

253 940 421 1011 quasi
455 937 753 1008 quoddam
790 936 1251 992 instrumentum
1306 942 1529 993 crearet
1579 942 1749 1005 Deus,
1802 950 1907 991 nec

255 1038 514 1098 unquam
568 1024 937 1079 substitisset
991 1024 1108 1092 ille,
1168 1025 1279 1082 nisi
1338 1026 1492 1082 Deus
1550 1038 1742 1081 creare
1800 1041 1906 1081 nos

250 1117 550 1171 voluisset.

323 1207 499 1261 Porro
551 1203 803 1276 τρεπτὸν,
862 1214 963 1259 seu
1025 1204 1335 1259 mutationi
1386 1205 1731 1270 obnoxium,
1784 1221 1898 1260 non

253 1296 453 1351 minus
484 1306 657 1364 quam
692 1291 1017 1357 diabolum,
1050 1294 1371 1359 asserebat,
1404 1293 1619 1365 quippe
1646 1293 1744 1364 qui
1798 1310 1905 1348 na-

249 1389 384 1439 tura
419 1381 723 1437 mutationi
757 1379 1005 1435 obnoxia
1032 1386 1276 1449 constet,
1303 1395 1435 1436 cum
1469 1387 1525 1436 et
1554 1383 1805 1453 genitus,
1845 1388 1903 1438 et

248 1472 558 1529 mutatiOni
594 1473 670 1526 sit
699 1469 1012 1527 obnoxius.

316 1563 431 1618 Nec
458 1562 551 1617 his
576 1565 909 1630 contentus,
961 1565 1021 1614 ut
1080 1561 1471 1616 Theodoritus
1528 1565 1734 1616 auctor
1785 1567 1895 1628 est,

246 1655 441 1708 carnis
472 1662 708 1722 quoque
739 1668 772 1705 a
801 1650 987 1705 Verbo
1023 1655 1341 1721 assumptis
1372 1650 1714 1721 mysterium
1764 1664 1895 1704 mu-

245 1742 463 1807 tilabat,
501 1755 635 1795 cum
669 1740 888 1795 diceret
919 1754 1132 1811 corpus
1185 1740 1511 1795 inanimum
1554 1757 1587 1796 a
1643 1738 1892 1796 Domino

2718 693 2874 748 CAP.
2906 690 2974 747 V.

2009 798 2083 851 De
2115 798 2338 870 Νἰσέεηα
2370 803 2741 854 trecentorum
2770 798 3167 870 episcoporum,
3200 801 3467 868 auspiciis
3517 802 3673 857 Con-

2081 869 2321 944 stantini
2350 870 2541 944 stagni
2557 872 2764 942 synodo
2802 869 3015 938 coacta,
3068 875 3539 944 centroversisque
3610 874 3675 928 de

2082 940 2310 996 Pascha:
2338 943 2479 1008 festo
2508 940 2801 1012 dogmatis.

2083 1046 2390 1137 Atheatus
2442 1048 2765 1104 Alexander
2823 1048 2943 1104 haec
3000 1050 3122 1117 jam
3180 1052 3308 1104 tuto
3377 1051 3672 1137 supprimi

2010 1132 2241 1191 silentio
2272 1148 2387 1191 non
2422 1148 2591 1207 posse
2626 1146 2801 1203 ratus,
2837 1138 2907 1191 ad
2940 1138 3382 1205 Antiochenam,
3433 1140 3647 1195 Roma-

2007 1240 2146 1282 num
2179 1232 2235 1283 et
2269 1227 2577 1300 plerosque
2608 1229 2755 1284 alios
2800 1222 3073 1300 praesules
3122 1224 3344 1299 scribit,
3399 1242 3652 1299 quorum

2007 1331 2183 1386 opera
2217 1330 2466 1387 magnus
2499 1317 2595 1373 ille
2624 1317 3042 1373 Constantinus
3082 1316 3403 1388 imperator
3448 1320 3663 1375 certior

2006 1398 2102 1459 his
2131 1405 2202 1461 de
2234 1406 2407 1461 rebus
2455 1406 2667 1476 factus,
2720 1422 2830 1462 non
2880 1406 3251 1462 mediocriter
3302 1407 3499 1463 dolere
3542 1424 3661 1463 cca-

2004 1491 2112 1562 pit,
2146 1508 2211 1548 eo
2252 1494 2575 1565 presertim
2611 1495 2863 1560 nomine,
2897 1496 3052 1565 quod
3110 1496 3167 1550 in
3227 1508 3429 1551 reCens
3478 1496 3656 1566 jactis

2004 1576 2137 1632 ﬁdei
2168 1578 2512 1633 Christianas
2546 1580 2948 1635 fundamentis
2976 1581 3318 1650 dogmatum
3369 1582 3664 1637 discordia

2003 1664 2217 1720 multos
2259 1667 2332 1720 ab
2390 1665 2775 1738 amplexando
2831 1666 3280 1722 Christianismo
3341 1673 3655 1723 revocaret.

2071 1752 2400 1820 Quinetiam
2459 1768 2592 1810 cum
2647 1756 2838 1810 eidem
2913 1757 3345 1811 renuntiaretur
3424 1756 3653 1812 Pascha

245 1841 639 1904 assumptum,
697 1831 1180 1902 divinitatemque
1243 1831 1459 1885 muniis
1533 1832 1713 1886 animi
1763 1846 1883 1900 per-

2001 1842 2212 1898 festum
2249 1861 2281 1897 a
2312 1843 2692 1915 quibusdam,
2728 1844 2843 1899 ritu
2874 1843 2946 1898 ab
2977 1856 3043 1899 eo
3074 1845 3172 1915 qui
3204 1845 3421 1915 passim
3468 1846 3660 1900 inole-

243 1924 505 1977 functam
538 1938 679 1976 esse.
714 1920 939 1986 Quibus
967 1920 1160 1975 verbis
1208 1918 1498 1975 divinitati
1556 1919 1883 1991 συμπάθειαν

2001 1938 2155 1987 verat
2193 1932 2438 1995 diverso,
2501 1931 2799 1999 celebrari,
2863 1933 2973 1987 dici
3038 1948 3149 1987 non
3210 1938 3416 2003 potest,
3472 1950 3651 2005 quam

239 2010 427 2073 illam,
460 2027 565 2065 seu
623 2005 942 2065 naturalem
1001 2020 1135 2063 cum
1213 2020 1452 2080 corpore
1530 2018 1885 2066 consensum

242 2099 496 2170 affingit.

915 2203 1066 2259 CAP.
1116 2200 1208 2260 IlI.

232 2316 303 2368 De
355 2313 562 2384 synodo
618 2311 999 2367 Alexandrina
1070 2314 1295 2384 centum
1363 2309 1757 2384 episcoporum,
1822 2310 1880 2366 in

302 2380 410 2455 qua
465 2396 590 2439 cum
650 2384 789 2455 Ario,
833 2384 1074 2455 quinque
1146 2380 1477 2455 presbyteri,
1543 2380 1885 2455 totidemque

302 2453 532 2512 diaconi
568 2453 851 2526 ﬂaminio,
895 2453 995 2511 seu
1038 2453 1215 2523 gradu
1260 2454 1634 2509 ecclesiastico
1690 2453 1888 2524 defecti

299 2532 454 2584 sunt.

299 2637 429 2690 Haec
459 2639 515 2690 et
545 2633 887 2705 huiusmodi
914 2634 1150 2688 filerunt
1198 2634 1416 2705 impuri
1444 2633 1561 2688 Arii
1586 2635 1883 2706 dogmata,

234 2725 449 2794 quibus
481 2724 783 2794 plerosque
822 2722 1032 2777 irretiit
1061 2718 1433 2778 incautiores.
1483 2723 1766 2778 Caeterum
1819 2725 1880 2779 B.

232 2811 556 2867 Alexander
613 2809 864 2882 primum
934 2811 1171 2881 quidem
1240 2810 1772 2867 corhortationibns
1830 2817 1885 2867 et

235 2900 501 2956 consiliis
541 2900 835 2955 hominem
880 2900 952 2955 ab
1010 2900 1274 2955 instituto
1334 2912 1601 2955 revocare
1640 2905 1884 2957 conatus

236 2995 358 3047 est:
393 2991 490 3045 ubi
518 2994 707 3045 autem
757 2990 1043 3061 comperit
1100 3005 1232 3046 eum
1292 2990 1652 3062 impietatem
1714 3004 1885 3048 suam

236 3076 470 3152 publice
514 3078 789 3150 profiteri,
841 3075 1131 3151 synodum
1181 3078 1597 3150 provincialem
1651 3085 1882 3134 centum

231 3184 411 3239 prope
458 3167 864 3239 episcoporum
925 3166 1149 3238 coegit:
1215 3168 1272 3220 in
1333 3180 1447 3238 qua
1506 3182 1622 3221 non
1681 3168 1882 3223 Arium

229 3255 442 3324 solum,
478 3252 575 3311 sed
610 3257 857 3311 Arianos
901 3268 1135 3326 quoque
1197 3253 1507 3322 Achillem,
1564 3254 1881 3313 Ethalem,

227 3347 573 3416 Carponem,
609 3345 811 3398 Arium
866 3345 1137 3410 alterum,
1173 3346 1519 3413 Sarmatam,
1572 3344 1874 3411 Euzoium,

221 3435 496 3501 Lucium,
531 3435 766 3504 Menan,
799 3432 1152 3500 Helladium,
1198 3439 1255 3489 et
1302 3433 1503 3489 Gaium
1565 3437 1637 3491 de
1695 3437 1876 3507 gradu

223 3524 457 3593 dejecit.

302 3611 378 3664 Ex
410 3609 620 3663 horum
653 3621 823 3679 porro
866 3620 1107 3665 numero
1148 3611 1467 3683 presbyteri
1526 3615 1711 3681 erant,
1760 3622 1877 3668 non

240 3701 369 3770 ipse
398 3697 683 3752 duntaxat
712 3697 905 3765 Arius,
941 3698 1038 3752 sed
1074 3698 1251 3753 etiam
1283 3698 1560 3764 Ethales,
1595 3698 1873 3769 Achilles,

226 3789 476 3858 Carpon,
510 3786 828 3856 Sarmatas,
863 3793 917 3841 et
980 3787 1147 3842 Arius
1205 3786 1368 3843 alter.
1428 3788 1625 3844 Ceteri
1679 3792 1873 3845 autem

230 3894 433 3934 omnes
466 3877 713 3933 diaconi.

901 3965 1058 4022 CAP.
1105 3964 1197 4021 IV.

226 4075 297 4129 De
335 4075 668 4129 Arianorum
694 4072 1051 4128 ducentorum
1080 4067 1457 4141 episcoporum
1473 4070 1878 4128 Nicomedienst‘

364 4152 551 4201 contra
581 4144 915 4200 orthodoxos
947 4143 1333 4198 homouu‘anos
1384 4144 1730 4214 antisynodo.

294 4252 809 4307 Verumenimvero
883 4247 1059 4305 Arius
1147 4264 1275 4315 quae
1346 4248 1662 4304 subsecuta
1740 4253 1878 4306 sunt

220 4342 439 4407 omnia,
502 4358 569 4395 ea
634 4339 870 4411 scripsit
927 4339 996 4393 ad
1059 4337 1397 4404 Eusebium,
1458 4336 1557 4408 qui
1618 4335 1872 4410 primum

219 4431 436 4503 Beryti,
471 4430 682 4485 deinde
721 4422 1092 4491 Nicomediam
1148 4444 1273 4497 quae
1331 4427 1391 4505 in
1452 4427 1723 4496 Bithynia
1768 4436 1873 4497 est,

221 4520 553 4592 episcopus,
585 4517 719 4573 inde
742 4514 1289 4587 Constantinopolin
1315 4513 1644 4572 translatus
1670 4514 1873 4572 fuerat.

1995 2021 2247 2092 graviter
2276 2020 2333 2076 id
2368 2016 2727 2092 molesteque
2755 2021 2948 2075 ferret.

2065 2109 2347 2175 Quocirca
2412 2110 2880 2165 sacratissimum
2954 2109 3231 2164 Cordubae
3309 2110 3650 2181 episcopum

1992 2198 2256 2264 Hosium,
2307 2198 2495 2253 virum
2553 2198 2662 2252 tide
2714 2196 3095 2269 moribusque
3142 2197 3647 2269 probatissimum,

1994 2287 2094 2359 qui
2126 2291 2296 2341 antea
2326 2286 2399 2341 iis
2446 2283 2821 2355 inclaruerat,
2873 2298 3001 2357 quas
3047 2298 3225 2357 super
3278 2291 3648 2343 controverso

1994 2376 2267 2447 dogmate
2298 2376 2592 2446 professus
2624 2372 2831 2441 fuerat,
2883 2390 3067 2445 eaque
3119 2370 3188 2429 de
3245 2391 3423 2430 causa
3476 2375 3644 2431 illum

1992 2468 2049 2519 et
2076 2462 2478 2519 benevolentia
2506 2467 2563 2518 et
2602 2462 2821 2518 honore
2864 2464 3345 2534 prosequebatur,
3396 2460 3644 2519 Alexan-

1993 2552 2183 2608 driam
2216 2552 2466 2624 ablegat,
2501 2556 2563 2607 ut
2591 2564 2692 2607 sos
2746 2550 3100 2619 reconciliet,
3150 2551 3251 2623 qui
3299 2553 3643 2609 seditionem

1991 2647 2070 2702 ibi
2106 2664 2283 2719 super
2322 2649 2591 2719 dogmate
2623 2648 3018 2715 concitabant,
3051 2652 3224 2718 atque
3258 2647 3388 2701 illos
3435 2648 3639 2715 etiam,

1993 2735 2093 2806 qui
2127 2736 2184 2790 in
2233 2736 2461 2791 Oriente
2518 2737 2591 2791 de
2644 2736 2877 2791 Pascha:
2940 2735 3089 2791 festo
3140 2735 3638 2806 digladiabantur.

1993 2823 2263 2891 Quicum
2324 2840 2382 2879 re
2438 2824 2649 2879 infecta
2707 2824 3000 2890 rediisset,
3054 2824 3284 2894 publico
3336 2836 3640 2896 program-

1994 2916 2150 2966 mate
2181 2910 2499 2980 imperator
2528 2910 2730 2978 edixit,
2767 2915 2831 2965 ut
2861 2924 3065 2965 omnes
3093 2910 3346 2981 episcopi
3386 2911 3636 2967 Nicaeam

1992 2999 2274 3072 Bythinite
2305 2999 2673 3069 metropolim
2706 2999 3100 3054 convenirent.

2061 3087 2355 3159 Quotquot
2385 3088 2582 3159 itaque
2616 3088 2726 3143 sub
2758 3092 3017 3143 Romano
3048 3088 3341 3159 degebant
3376 3088 3639 3159 imperio,

1999 3176 2275 3231 nimirum
2335 3177 2575 3231 trecenti
2650 3176 2970 3232 octodecim
3049 3181 3443 3231 convenerunt
3517 3177 3638 3248 epi-

1996 3265 2178 3336 scopi,
2213 3265 2468 3336 demptis
2498 3264 2590 3332 iis,
2621 3280 2770 3336 quos
2798 3263 2886 3319 vel
2937 3266 3180 3320 morbus
3227 3264 3316 3319 vel
3366 3270 3505 3321 aetas
3554 3268 3641 3321 in-

1986 3364 2329 3424 gravescens
2371 3353 2529 3408 domi
2590 3354 2901 3408 detinebat.
2961 3353 3103 3408 Cum
3157 3353 3313 3408 enim
3374 3355 3633 3410 nondum

1987 3441 2323 3499 civitatibus
2354 3442 2629 3498 omnibus
2661 3444 2783 3498 suis
2818 3443 3125 3513 obtigisset
3173 3443 3505 3514 episcopus,
3565 3458 3631 3500 eo

1986 3532 2204 3586 factum
2236 3536 2345 3600 est,
2376 3535 2439 3586 ut
2469 3530 2669 3603 plures
2699 3530 2755 3585 id
2788 3531 3070 3602 temporis
3093 3543 3207 3586 non
3231 3535 3626 3589 convenerint.

1986 3620 2421 3676 Provinciarum
2455 3621 2611 3676 enim
2647 3618 2771 3675 alias
2804 3620 2905 3674 uni
2938 3624 3167 3674 tantum
3219 3621 3519 3690 parebant,
3566 3624 3632 3674 ut

1984 3708 2235 3782 Scythia,
2270 3724 2370 3765 seu
2407 3710 2603 3776 Rosia,
2638 3709 2695 3762 in
2720 3709 3065 3764 hodiernum
3093 3722 3280 3777 usque
3303 3708 3480 3773 diem,
3506 3706 3631 3761 alias

1985 3799 2130 3854 duos
2160 3803 2263 3854 aut
2293 3799 2362 3852 ad
2397 3808 2695 3853 summum
2729 3802 2847 3852 tres
2877 3792 3192 3860 habebant,
3229 3801 3292 3849 ut
3322 3794 3631 3855 Dalmatis.

1985 3887 2310 3943 Posteriore
2340 3903 2473 3941 vero
2509 3892 2769 3953 tempore
2802 3884 3101 3954 plerisque
3133 3898 3249 3939 non
3302 3885 3638 3941 civitatibus

1985 3979 2235 4043 tantum,
2295 3975 2397 4029 sed
2454 3973 2629 4027 etiam
2690 3972 2923 4043 oppidis
2981 3971 3070 4027 sui
3131 3973 3250 4027 datl
3319 3977 3459 4028 sunt
3514 3975 3640 4045 epi-

1988 4061 2171 4133 scopi.

2662 4148 2818 4204 CAP.
2855 4149 2953 4204 VI.

2163 4255 2382 4328 Synodo
2413 4252 2650 4312 Nicaeus;
2689 4254 2920 4326 quinam
2957 4258 3306 4327 praetulerint,
3360 4268 3458 4314 aut

2054 4402 2059 4405 μ
2321 4331 2740 4383 convocatorum
2769 4329 2886 4383 vice
2916 4328 3295 4399 inter/uariat.

2030 4430 2188 4489 .Jam
2223 4450 2355 4488 vero
2384 4433 2478 4487 his
2508 4428 2607 4504 qui
2640 4430 2709 4488 ad
2747 4433 3060 4489 concilium
3084 4440 3473 4492 convenerant
3499 4453 3638 4509 pree-

1984 4522 2183 4577 fuere:
2241 4521 2531 4576 MacariUs
2590 4520 3138 4594 Hierosolymorum,
3189 4529 3246 4580 et
3290 4526 3681 4583 Eustathius.

292 4584 501 4664 Coacta
535 4624 705 4679 porro
747 4602 1098 4659 Nicomediae
1135 4584 1393 4677 synodo,
1447 4620 1581 4659 cum
1636 4602 1871 4661 ducenti
1911 4584 2480 4665 D'Antiochenorum
2516 4584 3250 4681 pontiﬁcesxquorum—hic
3283 4611 3455 4684 paulo
3482 4620 3637 4683 ante,

224 4696 657 4768 quinquaginta
689 4690 943 4765 episcopi
974 4709 1039 4748 eo
1098 4693 1525 4761 convenissent,
1588 4694 1876 4750 universis

222 4785 512 4858 episc0pis
545 4784 799 4854 scripsit,
832 4784 892 4836 ut
925 4796 1056 4836 cum
1083 4782 1216 4837 Ario
1247 4786 1528 4853 tanquam
1557 4782 1875 4839 orthodoxe

221 4875 762 4932 communicarent:
801 4888 946 4943 quos
975 4876 1191 4938 tamen,
1228 4870 1287 4928 id
1339 4877 1399 4927 ut
1447 4872 1721 4941 facerent,
1772 4872 1877 4928 nd-

221 4967 431 5021 ducere
466 4981 577 5018 non
614 4962 815 5033 potuit.

289 5059 571 5109 Caeterum
630 5068 763 5107 cum
824 5047 1137 5105 Eusetiiani
1196 5050 1503 5118 instarent,
1575 5051 1874 5124 accitoque

214 5144 374 5211 Ario,
407 5147 463 5197 et
493 5138 995 5197 excommunicato
1020 5136 1340 5194 Alexandro
1361 5138 1716 5197 Alexandriae
1737 5154 1874 5213 pon-

215 5228 392 5297 tifice,
426 5230 719 5285 homousii
753 5226 997 5283 haeresim
1052 5222 1412 5281 anathemati
1463 5229 1868 5301 subjecissent,

215 5320 309 5375 hic
343 5319 605 5374 animum
641 5316 930 5388 recipiens
960 5314 1131 5369 Arius
1164 5314 1386 5386 legatos
1434 5316 1505 5370 ad
1559 5312 1871 5373 Paulinum

215 5409 373 5483 Tyri,
410 5426 515 5465 nec
541 5422 655 5463 non
678 5405 994 5462 Eusebium
1015 5404 1308 5470 Caesareis,
1334 5418 1460 5476 quae
1482 5405 1542 5460 in
1566 5405 1873 5463 Palaestina

218 5517 327 5565 asc,
364 5498 772 5569 Patrophilum
806 5494 1221 5567 Scythopoleos
1252 5492 1557 5565 episcopos
1589 5494 1788 5562 mittit,
1839 5514 1872 5552 a

222 5591 439 5661 quibus
473 5588 703 5659 petebat
737 5590 800 5640 ut
849 5584 960 5639 sibi
1012 5583 1252 5653 suisque
1298 5584 1607 5639 conciones
1654 5586 1723 5639 ad
1771 5602 1871 5655 po-

223 5678 427 5750 pulum
460 5677 671 5731 habere
700 5673 1135 5741 concederetur,
1172 5674 1368 5742 utpote
1401 5671 1502 5743 qui
1550 5671 1870 5745 presbyteri

1988 4697 2286 4755 communi
2318 4714 2519 4754 eorum
2553 4700 2655 4771 qui
2706 4705 3098 4757 convenerant
3146 4698 3372 4758 calculo
3421 4705 3635 4773 dignus

1986 4788 2308 4859 apostolica
2358 4790 2494 4844 sede
2552 4788 2790 4844 habitus
2853 4790 3065 4857 fuerat,
3116 4795 3291 4862 atque
3332 4793 3546 4849 idcirco
3605 4811 3635 4850 ε

1986 4876 2239 4932 ﬁnitima
2271 4876 2498 4933 Berrma
2538 4878 2906 4933 Antiochiam
2977 4886 3268 4935 evocatus.
3331 4878 3631 4953 Siquidem

1984 4970 2117 5037 post
2146 4960 2462 5035 Domuum,
2496 4967 2592 5036 qui
2627 4966 2797 5021 Paulo
2828 4966 3208 5023 Samosateno
3254 4980 3632 5029 successerat.

1983 5052 2356 5111 Antiochense
2406 5054 2677 5111 Ecclesia
2731 5057 3040 5126 praefuerat
3098 5056 3348 5114 Timmus
3425 5059 3634 5117 deinde

1985 5143 2270 5216 Cyrillus:
2307 5151 2428 5199 tum
2474 5140 2700 5209 Vitalis,
2754 5143 2845 5198 cui
2901 5140 3277 5216 Philogcnius
3334 5151 3633 5219 successit,

1986 5249 2160 5304 quem
2193 5232 2476 5288 Paulinus
2507 5233 2858 5288 subsecutus
2914 5238 3018 5301 est,
3065 5238 3121 5288 et
3174 5232 3477 5293 Paulinum
3520 5241 3634 5294 Ro-

1984 5336 2197 5378 manua
2229 5324 2278 5379 is
2312 5323 2410 5395 qui
2446 5322 2905 5393 comprehensus
2938 5338 3069 5377 cum
3102 5334 3204 5393 pro
3236 5325 3447 5383 Christi
3495 5328 3629 5386 reli-

1984 5404 2156 5483 gione
2199 5412 2412 5467 tuenda
2463 5410 2739 5483 martyrio
2789 5410 2968 5465 vitam
3021 5410 3268 5481 finisset,
3320 5414 3631 5475 Antiochia

1982 5496 2256 5571 episcopo
2287 5500 2457 5553 Vidua
2491 5497 2689 5553 relicta
2720 5504 2830 5563 est,
2873 5494 3008 5568 quia
3059 5500 3362 5569 nimirum,
3417 5506 3479 5560 ut
3529 5520 3632 5578 par

1982 5592 2090 5656 est,
2153 5604 2254 5657 per
2309 5592 2691 5658 tyrannorum
2747 5587 3180 5658 persecutiones
3224 5592 3623 5664 episcoporum

1980 5670 2183 5731 electio
2214 5668 2396 5731 libera
2422 5690 2536 5730 non
2560 5678 2732 5731 esset.
