4090 6192
419 339 447 396 ί
459 338 573 398 367

1723 333 2029 397 NICETIE
2071 328 2498 391 CHONIATIE

3687 328 3845 390 i368

493 475 552 528 Id
585 489 721 546 ergo
754 472 1037 544 temporis
1060 472 1416 528 Antiochiam
1445 473 1681 543 quidem
1706 468 2070 535 Eustathius,
2102 466 2155 532 Α
2186 480 2314 535 quae
2347 463 2403 517 in
2442 458 2751 515 Palaestina
2782 462 2892 523 est,
2925 457 3267 513 Narcissum
3299 458 3681 529 Neroniadis,
3718 479 3845 533 qua

420 562 833 618 Alexandriam
875 578 1008 617 vero
1067 561 1396 619 Alexander
1448 562 1878 629 moderabatur,
1936 571 2071 612 cum

420 669 538 723 quo
571 650 1023 707 familiarissime
1068 650 1292 707 vivebat
1348 667 1600 724 magnus
1658 649 1755 706 ille
1812 647 2068 702 Athana-

423 742 574 806 sius,
607 740 1103 811 diaconorumque
1132 739 1309 796 choro
1343 744 1607 811 prmerat.

493 828 781 882 Caeterum
809 827 949 882 Julii
980 830 1374 883 Romanorum
1409 826 1700 899 pontificis
1722 826 1846 897 jam
1873 825 2071 879 decre-

422 916 530 987 piti
561 916 687 971 loco
722 916 889 971 Biton
918 923 970 970 et
1023 917 1368 972 Vincentius
1429 914 1743 988 presbyteri
1805 913 2068 969 aderant.

422 1005 814 1060 Theodoritus
843 1005 1203 1077 Sylvestrum
1265 1004 1323 1059 in
1385 1005 1525 1059 vivis
1582 1004 1758 1059 etiam
1817 1010 1944 1055 tum
1977 1015 2069 1054 su-

424 1092 709 1163 perfuisse
740 1099 942 1148 auctor
963 1097 1070 1147 est.
1115 1092 1405 1147 Eusebius
1456 1097 1648 1148 autem
1678 1088 1965 1159 Pamphili
2000 1087 2069 1143 li-

424 1183 528 1238 bro
579 1182 747 1237 tertio
806 1183 879 1237 Dc
908 1184 1025 1237 vita
1079 1181 1433 1238 Constantini
1486 1180 1859 1253 imperatoris,
1921 1177 2071 1232 Con-

424 1270 1013 1342 stantinopolitanum
1069 1272 1309 1341 quidem
1372 1270 1704 1342 pontificem
1755 1285 1789 1323 a
1847 1265 2067 1337 synodo

425 1356 685 1413 abfuisse
742 1358 965 1425 scribit,
1029 1362 1266 1430 propter
1299 1360 1549 1425 senium,
1612 1362 1670 1413 at
1702 1372 1911 1412 nomen
1941 1355 2068 1425 ejus

426 1446 761 1518 supprimit,
795 1448 962 1517 cujus
995 1448 1120 1503 loco
1182 1448 1498 1520 presbyteri
1562 1446 1798 1517 quidam
1832 1460 2065 1513 compa-

424 1535 671 1591 ruerint.
709 1537 773 1590 At
810 1551 943 1592 vero
994 1552 1064 1591 ex
1111 1537 1317 1608 synodi
1369 1536 1526 1591 Actis
1573 1538 1796 1591 constat
1856 1533 2069 1587 Metro-

425 1624 679 1695 phanem
710 1624 1295 1695 ConstantinOpoleos
1327 1625 1384 1679 id
1418 1624 1700 1696 temporis
1728 1624 2065 1693 episcOpum

426 1710 631 1780 fuisse,
664 1713 764 1782 qui
794 1711 1148 1783 decrepitam
1181 1714 1255 1767 ob
1285 1715 1510 1767 aetatem
1545 1710 1604 1764 in
1650 1708 1871 1781 synodo
1926 1723 2066 1761 con-

427 1802 614 1856 sidere
644 1817 759 1856 non
792 1801 1067 1873 potuerit,
1100 1802 1271 1872 cujus
1302 1806 1496 1857 tamen
1526 1800 1709 1855 vicem
1742 1797 2069 1853 Alexander

429 1888 784 1961 suppleverit
815 1892 1134 1962 presbyter,
1175 1892 1344 1960 cujus
1400 1906 1576 1961 opera
1631 1893 1687 1943 et
1744 1884 2069 1943 ministerio

430 1977 718 2050 synodicae
749 1978 955 2035 litteris
988 1978 1044 2034 in
1077 1982 1304 2051 Europa
1346 1977 1918 2033 transmittebantur.

1096 2108 1249 2159 CAP.
1283 2102 1404 2159 VII.

538 2231 610 2285 De
636 2232 817 2300 prima
848 2229 1086 2285 Nico-mae
1112 2228 1311 2301 synodi
1330 2227 1593 2283 sessione.
1622 2231 1876 2298 Quanam
1905 2224 1969 2281 de

958 2317 1126 2356 causa
1164 2303 1537 2356 convenerint.

500 2428 795 2496 Quotquot
853 2424 1047 2495 itaque
1108 2424 1165 2479 in
1230 2423 1575 2495 praefinitam
1635 2422 1926 2477 civitatem
1976 2420 2074 2475 Ni-

432 2532 609 2572 caeam
642 2519 1061 2581 convenerunt,
1090 2514 1147 2569 in
1181 2514 1694 2577 consultationem,
1728 2516 1790 2567 ut
1819 2528 1921 2583 par
1968 2515 2073 2577 est,

433 2604 822 2671 adduxerunt,
864 2619 1113 2674 quanam
1144 2604 1378 2659 tandem
1413 2603 1484 2657 de
1531 2618 1708 2657 causa
1755 2603 2076 2655 conventus

433 2693 770 2765 hujusmodi
804 2702 1125 2767 cogeretur.
1157 2694 1343 2764 Atque
1376 2692 1663 2749 Eusebius
1712 2690 1973 2761 quidem,
2003 2688 2075 2742 li-

432 2785 536 2839 bro
580 2785 654 2839 De
699 2781 1043 2839 Constantini
1088 2782 1201 2837 vita
1251 2786 1440 2847 tertio,
1495 2797 1556 2836 se
1605 2779 1861 2851 primum
1906 2779 2079 2833 verba

436 2873 489 2928 in
526 2874 746 2944 synodo
788 2870 996 2927 fecisse
1054 2875 1323 2927 testatur.
1384 2871 1443 2926 Si
1492 2875 1688 2924 tamen
1738 2869 2078 2923 Tlieodorito

434 2964 751 3031 credimus,
784 2962 1130 3017 Eustathius
1162 2960 1564 3016 Antiochenus
1596 2958 1904 3029 episcopus
1958 2957 2076 3027 pri-

438 3067 571 3106 mus
634 3050 1036 3106 encomiorum
1095 3048 1354 3105 ﬂosculis
1404 3046 1844 3119 imperatorium
1905 3048 2081 3116 caput

434 3139 755 3196 redimivit.
787 3138 860 3194 Ut
888 3152 1085 3194 autem
1110 3139 1448 3195 Theodorus
1472 3136 1913 3208 Mopsuestissus
1943 3133 2081 3189 scri-

2176 554 2235 608 in
2266 550 2468 607 Cilicia
2506 554 2614 615 est,
2676 546 2965 617 hodieque
3027 547 3347 617 Irenopolis
3401 548 3644 617 dicitur,
3700 549 3849 605 Pau-

2175 643 2362 699 linum
2396 640 2549 712 Tyri,
2581 637 3035 708 Menophantum
3061 637 3294 708 Ephesi,
3329 639 3673 695 Secundum
3712 646 3844 698 Pto-

2174 730 2467 799 lemaidis,
2499 745 2623 800 qua:
2653 728 2963 799 Egyptum
2996 727 3254 799 attingit,
3286 732 3344 783 et
3387 729 3672 786 Theonan
3711 732 3841 787 Ma-

2177 820 2428 877 maricaa.
2470 820 2723 882 Quorum
2755 831 2888 870 cum
2923 816 3289 886 deprehensa
3333 817 3543 873 fuisset
3601 820 3841 892 impne-

2174 910 2349 974 bitas,
2393 913 2529 964 tunc
2580 906 2662 961 illi
2710 905 2823 961 sibi
2873 904 2945 959 ab
2993 905 3395 978 indignatione
3443 910 3655 979 synodi
3709 927 3843 966 me-

2174 1004 2404 1055 tuentes
2485 995 2647 1051 aliud
2723 994 3062 1066 imposturae
3140 1009 3327 1066 genus
3402 998 3841 1069 excogitatum.

2175 1088 2383 1144 Secum
2443 1086 2598 1140 enim
2671 1087 3013 1155 reputantes
3090 1083 3208 1140 fore
3287 1090 3350 1138 ut
3417 1088 3843 1146 ecclesiasticis

2174 1176 2555 1233 conventibus
2610 1174 2781 1244 ejecti
2842 1172 3100 1227 infamias
3175 1182 3366 1229 notam
3442 1176 3842 1233 incurrerent-

2176 1281 2282 1322 nec
2340 1264 2497 1319 ullus
2553 1267 2797 1334 posthac
2851 1260 2967 1316 sibi
3028 1262 3100 1317 ob
3168 1261 3535 1333 impietatem
3593 1266 3843 1336 dejectis

2174 1355 2612 1419 adhaeresceret,
2659 1350 2875 1405 idcirco
2930 1366 3066 1405 cum
3124 1350 3441 1407 Catholicis
3501 1370 3566 1409 se
3626 1357 3847 1414 sentire

2174 1446 2486 1507 finxerunt,
2521 1456 2844 1508 omnesque
2899 1443 3107 1511 praeter
3151 1439 3446 1497 Theonam
3507 1449 3566 1498 et
3614 1448 3845 1500 Secun-

2173 1535 2310 1588 dum
2345 1529 2697 1587 confessioni
2729 1527 2861 1583 fidei
2895 1528 3411 1600 subscripserunt.

2243 1623 2373 1678 Jam
2407 1617 2823 1684 Theodoritus,
2872 1633 3095 1688 paucos
3158 1617 3343 1673 fuisse
3389 1620 3678 1689 praefatus,
3734 1607 3843 1693 qui

2174 1711 2309 1766 Ario
2352 1706 2723 1771 adhaeserint,
2777 1705 3161 1775 omniumque
3213 1708 3547 1763 nominibus
3595 1727 3844 1781 expres“

2175 1801 2278 1865 sis,
2313 1799 2385 1853 iis
2417 1796 2513 1868 qui
2549 1797 2671 1867 jam
2731 1811 2765 1849 a
2820 1793 3124 1849 Theodoro
3183 1798 3623 1852 commemorati
3674 1806 3845 1854 sunt'

2181 1892 2431 1959 quatuor
2461 1884 2627 1950 alios,
2657 1883 3027 1937 Theodorum
3085 1882 3401 1949 Laodicea,
3452 1887 3847 1944 Athanasium

2181 1974 2483 2044 Anazarbi,
2544 1971 2886 2043 Gregorium
2945 1971 3159 2043 Beryti,
3219 1977 3276 2027 et
3336 1973 3565 2030 Aetium
3634 1976 3846 2047 Lymes

2182 2082 2284 2122 seu
2321 2063 2625 2136 Diopoleos
2670 2061 2890 2130 adjicit,
2941 2060 3152 2116 deinde
3208 2063 3502 2119 recentius
3559 2068 3843 2135 quiddam

2184 2163 2389 2226 praeter
2418 2156 2657 2208 caeteros
2689 2165 2897 2205 omnes
2929 2149 3021 2206 bis
3050 2150 3245 2206 verbis
3275 2153 3582 2224 adjungit:
3608 2155 3675 2209 Hi
3699 2172 3845 2227 ergo

2183 2242 2518 2317 apostolicis
2549 2241 3017 2296 contradicentes
3063 2241 3381 2313 dogmatis,
3432 2244 3840 2317 diversamque

2184 2336 2359 2390 fidem
2392 2332 2667 2405 professi,
2713 2330 3027 2387 Catholicis
3071 2347 3199 2386 eam
3252 2332 3606 2399 obtulerunt,
3659 2353 3839 2407 quam

2186 2423 2499 2496 perlectam
2531 2422 2750 2489 cuncti,
2785 2426 2849 2475 ut
2879 2420 3141 2491 spuriam
3176 2426 3233 2477 et
3264 2423 3655 2479 adulterinam
3703 2440 3847 2480 con‘

2185 2513 2505 2569 sciderunt.
2540 2512 2746 2565 Exorto
2778 2514 2975 2565 autem
3018 2510 3298 2579 tumultu,
3354 2514 3650 2582 perterriti
3710 2531 3847 2567 sur-

2186 2604 2478 2666 rexerunt,
2538 2598 2829 2671 primique
2900 2599 3169 2654 omnium
3242 2600 3378 2656 Ario
3452 2601 3849 2656 abrenuntia-

2188 2701 2341 2762 runt,
2376 2696 2581 2763 praeter
2609 2689 2946 2745 Secundum
2987 2694 3045 2744 et
3085 2689 3405 2747 Theonam.

2258 2781 2567 2845 Craterum,
2601 2782 2664 2832 ut
2695 2777 3120 2849 Philostorgius
3160 2781 3353 2851 primo
3407 2781 3681 2836 Historiae
3734 2799 3857 2837 sua}

2190 2870 2338 2925 libro
2371 2874 2570 2924 auctor
2597 2873 2709 2937 est,
2739 2868 2812 2923 ab
2844 2868 2978 2923 Ario
3011 2872 3300 2925 steterunt
3330 2870 3413 2937 hi,
3447 2888 3711 2942 quorum
3749 2889 3853 2926 no-

2192 2958 2352 3015 mina
2380 2959 2845 3028 subsequuntur,
2870 2956 3151 3029 episcopi.
3177 2958 3257 3013 Ex
3279 2960 3590 3031 superiore
3612 2961 3850 3031 quidem

2193 3048 2372 3119 Libya
2428 3046 2745 3102 Sentianus
2794 3045 2991 3112 Bortei,
3046 3045 3301 3102 Dacbius
3362 3047 3703 3113 Beronices,
3754 3049 3851 3104 Se-

2195 3138 2426 3193 cundus
2457 3134 2947 3196 Tbeuchirorum,
2981 3134 3241 3207 Zopyrus
3274 3136 3509 3202 Barces,
3542 3138 3851 3193 Secundus

434 3229 539 3297 bit,
598 3228 915 3284 Alexandro
972 3227 1361 3283 Alexandrino
1420 3205 1681 3282 Pontifici
1734 3224 1787 3279 id
1847 3222 2084 3277 honoris
2124 3205 2348 3282 Calius
2379 3223 3009 3288 Ptolemaidis,Theon
3063 3205 3447 3280 Marmaricae.
3500 3230 3584 3281 Ex
3633 3228 3849 3283 Thebis

438 3315 588 3370 ultro
638 3317 897 3370 delatum
951 3320 1056 3381 est,
1118 3314 1333 3387 quippe
1382 3314 1482 3386 qui
1545 3313 1749 3386 synodi
1813 3313 2081 3383 cogenda:

435 3406 552 3457 dux
583 3406 640 3458 et
670 3407 873 3458 auctor
901 3404 1238 3458 exstitisset.
1270 3403 1436 3457 Hunc
1468 3404 1525 3458 in
1570 3402 1773 3473 synodi
1804 3417 2080 3459 consessu

436 3490 635 3547 omnia
666 3495 730 3545 ut
778 3506 840 3545 se
888 3489 1181 3545 habebant
1232 3491 1435 3545 ordine
1485 3507 1749 3546 narrasse
1803 3490 2079 3559 subjicit:

440 3579 760 3651 multisque
794 3580 937 3634 adeo
970 3579 1343 3635 sermonibus
1375 3578 1530 3633 ultro
1552 3580 1813 3650 citroque
1840 3578 2079 3645 habitis,

436 3668 742 3740 episcopos
775 3668 929 3723 inter
958 3686 1020 3723 se
1049 3684 1252 3723 omnes
1284 3667 1646 3733 convenisse,
1675 3672 1850 3737 atque
1880 3663 2083 3734 ὁμοού-

439 3777 553 3811 σιον
583 3757 734 3813 Patri
763 3757 999 3825 Filium,
1050 3757 1159 3813 hoc
1207 3761 1298 3813 est
1339 3757 1603 3827 ejusdem
1660 3772 1900 3827 prorsus
1948 3772 2079 3811 cum

438 3847 540 3901 illo
571 3847 935 3919 substantias,
971 3846 1403 3915 pronuntiasse.

509 3935 627 3990 Soli
685 3943 878 3991 tamen
949 3935 1307 4007 quindecim,
1362 3936 1681 3991 Sozomeno
1738 3940 1905 4003 teste,
1964 3936 2082 3990 Arii

439 4026 701 4097 dogmati
729 4026 1206 4097 subscripserunt
1237 4043 1248 4081 :
1275 4042 1524 4098 quorum
1558 4025 1794 4096 quidem
1821 4024 2084 4097 plerique

444 4119 669 4169 mutata
728 4114 1034 4168 confestim
1096 4115 1408 4178 sententia,
1472 4130 1845 4168 communem
1904 4115 2083 4168 totius

442 4202 711 4257 Ecclesiae
780 4219 1130 4258 consensum
1210 4201 1461 4275 amplexi
1535 4207 1695 4257 sunt.
1768 4202 2083 4257 Sozomeno

441 4289 839 4362 astipulantur
868 4294 1008 4346 Acta
1048 4292 1277 4363 synodi,
1330 4308 1457 4362 quae
1506 4291 1721 4363 passim
1773 4292 2083 4345 circumfe-

442 4389 667 4435 runtur.
716 4378 791 4434 lis
838 4379 992 4435 enim
1050 4384 1277 4435 constat
1324 4378 1736 4451 septemdecim
1784 4381 2084 4450 episcOpos

440 4486 551 4522 una
585 4484 719 4525 cum
749 4468 884 4523 Ario
907 4468 1222 4525 defecisse:
1250 4486 1500 4539 quorum
1528 4485 1626 4524 sex
1649 4470 1702 4523 in
1726 4470 1854 4540 ejus
1877 4468 2082 4524 haeresi

2189 3314 2469 3386 Egyptiis
2499 3312 2773 3368 Melitius.
2809 3313 2889 3367 Ex
2932 3311 3237 3368 Palaestina
3286 3315 3661 3385 Patropbilus
3709 3317 3854 3388 Scy-

2189 3402 2513 3474 thopoleos,
2544 3401 2837 3457 Eusebius
2868 3401 3264 3470 Caesariensis,
3289 3404 3391 3474 qui
3427 3405 3732 3475 Pamphili
3762 3407 3846 3459 di-

2190 3498 2322 3547 ctus
2352 3495 2459 3546 est.
2510 3489 2588 3544 Ex
2642 3488 2932 3544 Phenicia
2989 3489 3269 3546 Paulinus
3325 3491 3485 3564 Tyri,
3542 3494 3839 3563 Amphion

2189 3579 2657 3652 Sigedonis(61).
2706 3578 2785 3633 Ex
2833 3577 3034 3633 Cilicia
3083 3578 3396 3635 Narcissus
3442 3581 3844 3652 Irenopoleos,

2191 3669 2546 3725 Athanasius
2604 3667 2911 3729 Anazarbi,
2963 3667 3451 3724 Tarcondimatus
3500 3670 3706 3735 Egon.
3762 3672 3843 3725 Ex

2190 3757 2555 3830 Cappadocia
2585 3757 2883 3825 Leontius,
2915 3759 3268 3828 Longianus,
3319 3764 3377 3813 et
3423 3758 3698 3814 Eulalius.
3754 3761 3836 3813 Ex

2191 3853 2394 3911 Ponto,
2445 3845 2691 3901 Basilius
2739 3846 3008 3910 Amasias,
3062 3846 3323 3902 Melitius
3375 3848 3832 3919 Sebastopolcos.

2190 3938 2270 3992 Ex
2302 3935 2587 4007 Bithynia,
2621 3935 2914 3997 Theognis
2946 3935 3169 4004 Nicaeae,
3202 3936 3384 3992 Maris
3429 3937 3841 4006 Chalcedonis,

2190 4026 2471 4082 Eusebius
2501 4024 2869 4090 Nicomedia,
2907 4025 3150 4095 Magnus
3182 4026 3423 4097 quidam
3470 4028 3848 4095 cognomine,

2191 4116 2289 4187 qui
2322 4115 2575 4170 Luciano
2610 4113 2850 4183 martyri
2895 4113 3204 4169 familiaris
3256 4116 3467 4187 fuerat,
3512 4117 3851 4187 virtuteque

2191 4205 2406 4269 clarus,
2443 4208 2503 4257 ut
2533 4204 2632 4274 qui
2668 4203 2914 4258 maxime
2947 4221 2959 4256 :
2993 4220 3059 4258 ex
3090 4220 3202 4273 quo
3250 4206 3426 4260 etiam
3489 4206 3687 4277 Magni
3752 4222 3849 4262 co-

2191 4308 2439 4363 gnomen
2474 4292 2719 4362 adeptus
2737 4297 2875 4347 erat.

2834 4379 2991 4434 CAP.
3036 4379 3196 4437 VIII.

2192 4472 2266 4526 De
2289 4469 2410 4526 Arii
2438 4471 3027 4535 excommunicatione,
3061 4485 3173 4523 una
3201 4486 3325 4523 cum
3374 4470 3655 4524 librorum
3711 4473 3854 4537 (ius,

441 4556 831 4628 perstiterint,
864 4556 1132 4612 undecim
1163 4566 1353 4613 autem
1404 4556 1759 4627 palinodiam
1811 4562 2076 4613 canentes

2263 4544 2320 4596 in
2346 4541 2650 4613 primisque
2691 4540 3032 4611 Thatiw,seu
3065 4541 3315 4596 Convivii
3353 4542 3782 4613 improbatione.

442 4661 618 4699 manu
680 4645 912 4716 quidem
973 4647 1449 4717 subscripserint,
1510 4646 1701 4702 animo
1775 4662 1908 4702 vero
1967 4665 2079 4702 non

440 4736 600 4789 item.

510 4824 770 4880 Socrates
809 4824 889 4878 ait
942 4823 1200 4895 quinque
1250 4824 1564 4897 ipiscopos,
1610 4826 1921 4881 Eusebium
1984 4825 2081 4881 Ni-

439 4913 733 4980 comediae,
783 4912 1082 4985 Theognin
1133 4913 1355 4978 Nicaea,
1430 4913 1613 4968 Marin
1681 4914 2082 4982 Chalcedonis,

440 5003 734 5058 Theonam
769 5001 1148 5068 Marmaricae,
1175 5008 1347 5073 atque
1364 5003 1690 5057 Secundum
1714 5002 2087 5060 Ptolemaidis

441 5093 725 5165 asynodo
770 5092 1101 5147 secessisse.
1162 5090 1499 5147 Theodorus
1562 5097 1754 5147 autem
1816 5092 2080 5162 Mopsue-

442 5187 640 5240 stiasus
700 5188 900 5239 auctor
956 5188 1065 5251 est,
1128 5199 1326 5239 novem
1381 5186 1609 5238 tantum
1668 5198 1735 5237 ex
1812 5183 2086 5238 omnibus

444 5273 650 5340 fuisse,
672 5273 888 5345 quibus
912 5272 1114 5344 synodi
1141 5273 1371 5327 decreta
1403 5288 1513 5326 non
1551 5271 1875 5333 arriserint,
1898 5272 2088 5341 iisque

444 5363 803 5427 nominibus,
829 5361 1131 5432 Theognin
1174 5361 1398 5430 Nicaeae,
1453 5360 1767 5416 Eusebium
1821 5360 2085 5415 Nicome-

446 5447 573 5515 diae,
592 5450 991 5520 Patropbilum
1018 5450 1453 5523 Scythopoleos,
1478 5450 1792 5505 Eusebium
1817 5452 2086 5506 Caesareae

2263 4653 2545 4704 Caeterum
2573 4648 2906 4718 conscripto
2955 4648 3088 4702 fidei
3136 4648 3422 4721 symbolo,
3487 4650 3852 4720 scripturam

2193 4740 2427 4810 quidem
2461 4738 2742 4793 Eusebius
2774 4737 3145 4808 Nicomediae,
3181 4755 3296 4793 una
3325 4755 3459 4795 cum
3485 4740 3855 4812 Theognide,

2194 4826 2360 4894 Mari,
2403 4825 2757 4897 Patropbilo,
2791 4830 2845 4881 et
2900 4826 3165 4882 Secundo
3222 4828 3721 4898 approbaverunt,
3776 4830 3855 4883 ei-

2197 4933 2305 4987 que
2333 4916 2584 4987 propriis
2624 4914 3032 4986 cbirograpbis
3084 4915 3591 4988 subscripserunt,
3646 4925 3711 4972 at
3759 4936 3853 4974 ex-

2196 5005 2627 5059 communicato
2656 5005 2812 5069 Ario,
2848 5003 3323 5076 dictionibusque
3383 5006 3455 5060 iis
3504 5008 3734 5078 quibus
3784 5008 3852 5062 ad

2198 5093 2548 5149 fulciendam
2582 5092 2847 5148 heresim
2879 5093 3150 5149 utebatur
3180 5094 3552 5165 improbatis,
3588 5097 3734 5166 quin
3792 5097 3855 5150 li-

2198 5184 2300 5236 bro
2332 5182 2531 5247 etiam,
2576 5197 2749 5253 quem
2802 5197 2975 5252 super
3032 5183 3233 5236 eadem
3294 5184 3757 5254 conscripserat,
3805 5188 3859 5238 et

2198 5270 2455 5325 Thaleian
2492 5269 2548 5322 in
2576 5270 2911 5341 scripserat,
2947 5270 3350 5339 hujuscemodi
3385 5276 3861 5329 excommmiica-

2197 5360 2340 5414 tioni
2406 5359 2692 5413 Eusebius
2736 5358 3103 5423 Nicomediae,
3160 5365 3217 5413 et
3272 5360 3573 5431 Theognis
3632 5363 3857 5423 Nicaea,

2200 5449 2568 5503 subscribere
2602 5447 2931 5501 noluerunt.

516 5626 628 5690 (61)
665 5627 827 5675 Forte
857 5625 1092 5679 Sidonis
1127 5628 1436 5695 legendum
1470 5634 1581 5695 est,
1614 5628 1752 5697 quia
1784 5628 1841 5682 in
1875 5625 2177 5681 Pannonia
2207 5633 2313 5681 est.
