4090 6192
289 325 450 389 1369

1639 317 2043 381 THESAURI
2086 321 2241 381 LIB.
2286 324 2371 389 ν.

3553 319 3715 382 1370

360 464 547 527 Quare
576 454 778 510 Arium
815 454 1125 523 imperetor
1153 450 1354 507 exsilio
1390 450 1676 505 multavit.
1766 452 1942 507 Euse-
1976 456 2027 521 Α
2055 454 2443 525 jurisjurandi
2486 458 2783 529 opinione,
2826 457 3188 513 accusationi
3246 457 3393 513 ﬁcta:
3449 457 3700 514 colorem

298 553 462 608 bium
500 563 670 619 porro
696 542 787 599 vel
841 543 954 597 alia
994 543 1064 595 de
1121 557 1298 596 causa
1353 556 1584 607 exosus,
1614 540 1747 611 quia
1784 541 1953 597 nimi-

297 656 424 697 rum
460 654 493 693 a
518 642 764 709 tyranno
797 632 1024 705 primus
1057 636 1312 695 steterat,
1344 629 1576 701 sibique
1605 629 1716 701 ipsi
1758 630 1948 685 fuerat

294 729 630 794 insidiatus,
658 742 774 779 una
804 739 939 779 cum
984 719 1242 792 Theogni
1291 719 1556 776 exsulare
1597 720 1796 790 jussit.
1834 720 1948 775 Ita-

296 836 410 893 que
440 815 673 873 Eusebii
717 813 843 868 loco
876 810 1305 866 Nicomedieosi
1341 808 1605 864 Ecclesiae
1640 809 1945 878 praefectus

297 913 386 964 est
419 904 747 977 Amphion:
782 905 838 956 et
877 899 1126 954 Nicaeum
1181 897 1305 953 loco
1360 897 1715 968 Theognidis
1764 897 1944 954 Chre-

295 1007 444 1055 slus.
483 995 600 1052 Nec
632 992 712 1046 ita
771 988 949 1044 multo
1009 997 1135 1059 post
1194 988 1361 1043 Arius
1431 987 1503 1042 ab
1533 986 1736 1042 exsilio
1786 1004 1945 1043 revo-

296 1093 461 1143 catus
512 1089 625 1145 est.
676 1082 844 1150 eique
904 1078 1026 1134 sola
1082 1078 1321 1148 Egypto
1378 1080 1553 1148 atque
1597 1077 1944 1133 Alexandria

292 1175 672 1232 interdictum
727 1174 834 1235 est,
872 1167 1163 1237 Pauloque
1199 1171 1327 1235 post
1369 1166 1662 1221 Eusebius
1708 1183 1942 1238 quoque

293 1270 353 1322 et.
382 1261 700 1333 Theognis,
733 1256 1089 1329 [lenitudine
1124 1272 1222 1326 per
1264 1256 1594 1327 hypocrisin
1644 1256 1940 1324 simulata,

296 1371 437 1410 suas
475 1356 716 1420 uterque
753 1351 1097 1417 receperunt
1128 1344 1431 1400 Ecclesias.

370 1442 513 1496 Item
548 1434 963 1506 Philoslorgius
986 1435 1095 1488 sub
1126 1433 1297 1486 ﬁnem
1345 1432 1518 1502 primi
1551 1431 1706 1501 libri,
1740 1437 1943 1488 auctor

296 1538 407 1593 est.
442 1544 642 1584 eorum
677 1524 777 1596 qui
811 1523 1057 1578 Nicena)
1085 1521 1216 1577 fidei
1272 1521 1764 1591 subscripserant,
1798 1521 1941 1577 alios

296 1619 531 1690 quidem
557 1612 1121 1685 echirographorum
1145 1627 1386 1666 suorum
1404 1625 1638 1681 regione
1664 1610 1941 1665 homousii

295 1708 613 1763 dictionem
654 1703 1011 1771 ascripsisse,
1047 1700 1193 1755 alios
1246 1715 1378 1754 vero
1439 1701 1512 1753 ab
1560 1699 1809 1755 Eusebio
1856 1700 1940 1754 in-

2063 544 2319 599 adderet.
2356 544 2459 600 Illa
2488 548 2643 602 enim
2678 564 2921 619 puerum
2957 546 3261 603 duodecim
3296 564 3480 603 annos
3502 554 3703 603 natum

2058 632 2410 701 producens,
2452 650 2585 690 eum
2616 637 2687 690 ab
2714 635 3015 692 Eustathio
3065 636 3397 707 suscepisse
3450 637 3699 695 dicebat.

2056 722 2521 779 Caeterumantes
2538 724 2967 780 clandestinum
3000 729 3272 796 stuprum
3302 726 3371 780 ab
3404 725 3701 781 Eustathio

2057 810 2308 880 quodam
2342 812 2503 868 fabro
2537 830 2709 885 passa
2741 808 3023 886 f'oerat,ex
3056 831 3171 885 quo
3202 819 3258 871 et
3280 831 3526 886 puerum
3549 816 3705 870 hunc

2054 907 2417 972 susceperat.

2129 987 2428 1044 Eustathio
2456 990 2651 1062 itaque
2675 993 2785 1047 hac
2814 996 2937 1047 arte
2967 993 3251 1063 deposito,
3287 993 3698 1063 imperatorem

2050 1075 2458 1134 Constantium
2493 1079 2741 1151 hujusce
2796 1081 2879 1136 rei
2935 1083 3240 1137 certiorem
3305 1082 3587 1149 fecerunt,
3637 1087 3702 1137 ut

2057 1166 2371 1222 Eusebium
2408 1169 2698 1241 Pamphili
2728 1174 3000 1226 Ctesarcas
3022 1171 3361 1243 episcopum
3394 1171 3452 1226 in
3497 1174 3696 1229 Antio-

2053 1255 2298 1311 chenam
2356 1258 2555 1313 sedem
2609 1262 2964 1331 surrogaret.
3016 1262 3087 1314 At
3140 1261 3427 1317 Eusebius
3490 1262 3694 1317 litteris

2052 1345 2179 1413 ejus
2204 1346 2461 1401 muneris
2490 1347 2914 1418 deprecatorias
2964 1350 3031 1403 ad
3082 1349 3490 1420 imperatorem
3542 1350 3692 1405 scri-

2053 1431 2203 1501 psit;
2238 1433 2375 1503 quia
2399 1434 2678 1489 nimirum
2722 1436 2879 1491 idem
2910 1435 3338 1492 ecclesiasticus
3390 1438 3530 1493 ordo
3575 1455 3691 1493 non

2052 1521 2362 1590 paieretur.
2409 1522 2588 1591 Cujus
2620 1525 2857 1594 probato
2906 1526 3149 1581 consilio
3191 1528 3503 1598 imperator
3558 1544 3693 1582 eum

2050 1608 2282 1663 beatum
2319 1626 2448 1664 esse
2481 1612 2645 1677 dixit,
2698 1613 2912 1682 quippe
2974 1615 3075 1683 qui
3119 1632 3234 1669 non
3294 1617 3470 1671 unius
3531 1618 3691 1672 urbis

2048 1700 2568 1765 duntaxat,verum
2597 1701 2777 1755 totius
2812 1703 2986 1757 etiam
3020 1703 3175 1759 orbis
3224 1707 3561 1777 episcopatu
3608 1707 3693 1761 di-

294 1801 550 1853 structos
575 1792 975 1863 blasphemam
1005 1790 1286 1844 homusii
1320 1804 1509 1843 vocem
1535 1786 1940 1844 locohomousti
1978 1815 2019 1878 Β
2050 1804 2202 1861 gnua
2229 1795 2401 1843 esset.

294 1886 705 1956 supposuisse:
743 1886 951 1952 praeter
1005 1878 1339 1934 Secundum
1373 1884 1430 1933 et
1474 1878 1798 1941 Theonam,
1840 1879 1935 1946 qui

293 1974 468 2030 etiam
487 1989 603 2028 una
630 1987 763 2026 cum
793 1969 926 2023 Ario
983 1970 1229 2039 ejusque
1271 1966 1627 2038 presbyteris
1678 1966 1738 2022 in
1797 1966 1938 2036 llly-

293 2064 446 2118 rium
481 2061 717 2133 relegati
749 2062 906 2115 sunt.

362 2152 534 2208 Initio
591 2159 785 2205 autem
830 2147 963 2202 libri
1034 2145 1277 2202 secundi
1336 2145 1542 2201 scribit
1596 2144 1935 2210 Eusebium,

288 2240 609 2313 Theognin,
643 2244 700 2295 et
764 2237 970 2303 Marin,
1017 2251 1219 2291 eorum
1275 2251 1403 2306 quas
1463 2234 1939 2306 subscripserunt

293 2331 655 2403 pmnitudine
686 2327 989 2393 ductos,ad
1021 2326 1431 2397 imperatorem
1467 2325 1937 2396 venisse,hisque

290 2420 444 2485 apud
486 2434 617 2473 eum
679 2416 868 2471 verbis
907 2430 1074 2470 usos:
1142 2414 1327 2483 lmpii,
1378 2417 1718 2484 imperator.
1760 2414 1817 2467 in
1870 2431 1935 2469 eo

292 2508 535 2573 fuimus,
567 2506 721 2578 quod
754 2505 837 2561 tui
872 2512 1026 2559 metu
1063 2501 1314 2574 perculsi
1352 2502 1635 2572 impietati
1684 2503 1940 2556 subscri-

290 2596 601 2667 pserimus.
634 2595 714 2650 Ex
741 2611 855 2665 quo
888 2595 1105 2649 factum
1137 2592 1234 2658 sit,
1272 2596 1335 2646 ut
1383 2594 1699 2660 imperator
1727 2606 1936 2646 excan-

289 2687 535 2742 descens
561 2702 660 2740 eos
690 2685 748 2739 in
777 2682 995 2738 Gallias
1025 2698 1127 2738 seu
1175 2681 1437 2737 Galatiae
1476 2680 1762 2737 Occiduas
1797 2680 1938 2736 rele-

287 2775 458 2847 garit,
481 2776 728 2830 Arianos
760 2779 956 2829 autem
988 2790 1091 2828 sua
1124 2786 1415 2843 quemque
1446 2771 1634 2843 patria
1658 2771 1935 2826 excedero

279 2864 483 2934 jussit.
511 2864 791 2919 Caeterum
824 2871 1023 2918 exacto
1049 2861 1298 2916 triennio
1331 2859 1674 2914 Eusebianis
1724 2861 1793 2914 ad
1829 2876 1937 2915 sua

286 2953 650 3023 postliminio
683 2953 871 3008 redire
904 2950 1191 3023 permisit.

955 3058 1105 3113 CAP.
1163 3057 1252 3112 IX.

287 3171 363 3220 De
391 3164 1166 3248 Nicomediensigtriaaorum
1203 3165 1486 3248 adversus
1532 3164 1930 3248 Ηιεῖηομξξοψος
1962 3182 2005 3248 C

357 3236 678 3292 orlhodoxos
706 3236 1057 3306 antisynodo,
1090 3241 1143 3291 et
1189 3235 1414 3290 insidiis
1466 3239 1525 3290 in
1587 3236 1931 3291 Eustathium

360 3309 768 3364 .4ntiochenum
796 3313 1106 3378 episcopum
1142 3309 1365 3361 structis

360 3416 556 3470 Ariani
590 3433 658 3470 ex
688 3414 890 3469 Galliis
939 3413 1147 3468 reversi
1194 3414 1576 3469 ducentorum
1636 3413 1932 3486 quinqua-

287 3505 454 3578 ginta
483 3505 889 3575 episcoporum
925 3501 1269 3572 antisynodo
1294 3501 1687 3557 Nicomediam
1722 3519 1933 3559 convo-

284 3598 437 3657 cata,
498 3590 890 3646 Alexandrum
936 3591 1535 3658 excommunicarunt,
1567 3595 1624 3645 et
1671 3607 1801 3645 cum
1863 3607 1929 3645 eo

287 3686 575 3754 quotquot
606 3678 907 3751 ὁμοούσιον
961 3680 1403 3749 profitebantur.
1436 3678 1549 3733 Nec
1596 3678 1777 3734 ullum
1812 3678 1926 3734 im-

285 3773 614 3842 pugnanda:
651 3770 781 3823 fidei
811 3768 1108 3824 catholicae
1155 3769 1319 3822 finem
1366 3768 1652 3822 faciebant
1711 3770 1924 3836 Ariani,

283 3861 513 3930 sibique
556 3859 991 3913 adversantium
1044 3874 1072 3911 e
1126 3857 1315 3911 medio
1380 3855 1810 3911 tollendorum:
1866 3858 1924 3912 in

282 3951 483 4020 primis
518 3953 709 4002 autem
739 3947 960 4002 nullum
999 3965 1111 4002 non
1146 3947 1456 4001 movebant
1501 3946 1781 4015 lapidem,
1810 3964 1924 4017 quo

281 4040 656 4094 Eustachium
692 4038 1051 4093 Antiocheno
1084 4037 1426 4108 episcopatu
1463 4035 1922 4106 privarent.Quaa

280 4146 372 4184 res
406 4128 720 4183 Eusebium
749 4126 1255 4181 Nicomediensem
1290 4124 1489 4187 movit,
1524 4129 1588 4177 ut
1642 4123 1922 4177 orationis

280 4219 465 4291 gratia
495 4234 556 4274 se
590 4234 707 4271 una
733 4233 863 4271 cum
897 4215 1236 4286 Theognide
1289 4214 1537 4277 Nicaeno,
1589 4217 1644 4266 et
1700 4211 1923 4284 aliquot

279 4305 410 4361 aliis
434 4305 637 4361 eodem
670 4305 869 4359 morbo
913 4302 1319 4357 laborantibus
1368 4299 1574 4354 [Ellam
1634 4299 1919 4369 proficisci

500 4399 542 4449 t.

500 4399 542 4449 t.

278 4395 632 4540 ﬁngfgsibus
662 4484 857 4553 itaque
887 4480 1117 4536 insidiis
1146 4479 1520 4535 Eustachium
1556 4479 1921 4539 adoriuntur.

2123 1877 2368 1949 Eligitur
2395 1894 2552 1949 ergo,
2600 1880 2698 1950 qui
2734 1880 3037 1936 Eustathio
3100 1884 3398 1953 succedat,
3435 1884 3685 1940 Ariauus

2049 1967 2306 2037 quidam,
2340 1968 2708 2038 Euphronius
2730 1970 2985 2037 nomine,
3018 1976 3081 2025 ut
3108 1971 3547 2043 Mopsuestaeus,
3586 1975 3690 2031 So-

2048 2061 2258 2121 crates,
2293 2060 2350 2109 et
2371 2056 2730 2110 Sozomenus
2760 2057 3025 2112 scribunt
3057 2078 3071 2126 ;
3100 2063 3162 2112 ut
3204 2064 3396 2114 autem
3423 2061 3690 2117 Theodo-

2048 2145 2158 2199 rito
2189 2149 2245 2197 et
2288 2143 2734 2215 chronographo
2764 2145 3103 2217 TheOphani
3158 2146 3363 2217 placet,
3397 2149 3685 2207 Eulalius.

2044 2234 2213 2289 Solus
2242 2249 2377 2289 vero
2409 2233 2833 2305 Philostorgius
2859 2235 3006 2290 iibro
3030 2235 3404 2291 Historiarum
3433 2240 3686 2294 secundo

2049 2322 2352 2377 Paulinum
2386 2323 2533 2395 Tyro
2560 2322 2929 2378 Antiochiam
2956 2325 3308 2380 translatum
3333 2342 3457 2381 esse
3488 2332 3690 2383 auctor

2047 2418 2155 2467 est.
2189 2412 2468 2467 Caeterum
2494 2419 2786 2467 annuente
2821 2430 3051 2485 quoque
3084 2414 3453 2486 imperatore,
3485 2417 3686 2472 Eusta-

2046 2500 2206 2555 thius
2266 2500 2565 2572 Philippos
2606 2502 2662 2556 in
2715 2502 3109 2557 Macedoniam
3159 2503 3492 2574 abducitur,
3528 2507 3687 2562 unde

2046 2589 2328 2659 originem
2363 2591 2648 2646 trahebat.

2740 2716 2892 2771 CAP.
2928 2720 2998 2771 X.

2048 2843 2221 2910 Quam
2242 2839 2484 2895 subdolis
2512 2841 2727 2896 artibus
2758 2843 2961 2897 Ariani
3016 2842 3391 2899 haeresiarchm
3421 2845 3509 2899 sui
3539 2845 3684 2901 redi-

2117 2919 2237 2967 tum
2262 2913 2328 2967 ab
2348 2913 2549 2967 exsilio
2580 2914 3021 2983 impetraverint,
3052 2918 3104 2969 et
3132 2915 3199 2969 de
3248 2916 3598 2971 intendendis
3628 2919 3687 2971 in

2117 2985 2479 3057 Athanasium
2509 2984 2951 3039 Alexandrinum
2983 2986 3452 3057 archiepiscopum
3483 2990 3689 3043 colurn-

2116 3055 2227 3111 niis
2258 3058 2617 3126 cogitaverim
2642 3074 2656 3123 ;
2685 3057 2885 3127 quibus
2917 3060 3139 3112 tandem
3170 3055 3553 3115 sanctissimus
3600 3065 3689 3115 vir

2117 3129 2635 3201 Hierosolymitanae
2661 3129 2863 3200 synodi
2890 3129 3099 3186 decreto
3127 3131 3274 3201 apud
3332 3131 3573 3186 Treviros
3628 3134 3687 3187 in

2116 3200 2299 3255 Gallia
2328 3200 2589 3253 exsulare
2608 3201 2798 3270 jussus
2820 3210 2919 3255 est.

2115 3326 2254 3382 Cum
2292 3325 2485 3397 itaque
2514 3325 2635 3381 haec
2667 3326 3012 3382 Eusebianis
3046 3345 3146 3397 pro
3176 3329 3354 3383 animi
3395 3331 3686 3387 sententia

2041 3415 2483 3482 successissent,
2520 3416 2739 3485 majore
2763 3421 2865 3483 τῆς
2920 3417 3280 3487 καινοτομίας
3313 3434 3414 3472 seu
3470 3435 3690 3473 novan-

2042 3506 2248 3560 darum
2282 3521 2476 3561 rerum
2540 3506 2735 3560 studio
2784 3513 3144 3563 exarserunt.
3177 3508 3469 3579 Siquidem
3500 3510 3679 3563 Euse-

2042 3595 2172 3650 bius
2203 3600 2258 3651 et
2283 3595 2578 3667 Theognis
2610 3612 2673 3650 oo
2726 3596 2795 3650 ad
2849 3613 3017 3652 suam
3055 3599 3377 3669 nequitiam
3415 3598 3678 3668 pellecto,

2040 3688 2128 3741 cui
2164 3685 2405 3741 Nicaeam
2438 3685 2641 3757 synodi
2675 3691 2801 3741 acta
2832 3685 3145 3757 imperator
3203 3687 3486 3741 servanda
3516 3702 3680 3740 com-

2039 3776 2300 3841 miserat,
2336 3775 2570 3845 propria
2593 3774 2977 3843 chirographa
3008 3773 3678 3844 deleverunt,deincops-

2039 3878 2149 3933 que
2198 3861 2427 3931 publica
2486 3861 2742 3931 proﬁteri
2784 3864 3103 3930 cmperunt,
3164 3860 3366 3915 Filium
3409 3862 3672 3931 ejusdem

2035 3968 2168 4005 cum
2197 3951 2357 4004 Patre.
2388 3950 2725 4002 substantiae
2758 3949 3116 4003 conscndum
3169 3966 3282 4003 non
3329 3966 3478 4004 esse.
3512 3950 3673 4013 Quod

2034 4053 2165 4090 cum
2195 4038 2444 4107 graviter
2466 4040 2520 4088 et
2551 4036 2747 4105 iniquo
2781 4037 2977 4091 animo
3026 4038 3197 4092 ferret
3227 4039 3672 4108 Constantinus,

2034 4141 2132 4180 eos
2164 4126 2232 4179 ad
2269 4141 2375 4180 sua
2406 4125 2593 4179 redire
2617 4125 2818 4193 jussit.

2103 4212 2615 4268 Verumenimvero
2638 4212 2717 4267 illi
2742 4213 2815 4268 ad
2835 4213 3063 4285 imperii
3090 4220 3391 4271 consortes
3424 4234 3484 4270 sc
3518 4234 3671 4273 rece-

2034 4307 2264 4375 perunt,
2299 4307 2704 4374 contractaque
2753 4319 2882 4357 cum
2927 4302 3046 4358 illis
3106 4304 3519 4371 familiaritate,
3554 4306 3673 4374 pri-

2032 4393 2246 4447 stinam
2278 4387 2607 4463 παρῥησίαν,
2642 4407 2742 4447 seu
2786 4393 3016 4447 dicendi
3067 4392 3412 4460 libertatem,
3445 4412 3673 4450 resum-

2034 4486 2298 4552 pserunt,
2332 4487 2388 4535 et
2417 4482 2475 4536 in
2511 4480 2895 4537 Athanasium
2929 4485 3196 4554 Magnum
3240 4482 3563 4539 calumnias
3618 4489 3674 4539 et

276 4574 422 4631 [Elia
442 4574 596 4629 enim
627 4549 988 4627 Antiochiam
1015 4569 1225 4625 reversi
1259 4568 1459 4624 multis
1510 4569 1770 4624 nummis
1797 4587 1920 4627 me-
1961 4549 2000 4611 ί)
2029 4569 2275 4625 insidias
2308 4570 2618 4639 instruere,
2641 4575 2817 4643 atque
2850 4572 2992 4626 adeo
3051 4573 3429 4640 antisynodos
3468 4574 3669 4629 adver-

278 4664 546 4720 ratricem
580 4662 692 4717 sibi
724 4664 1083 4730 comparant,
1118 4675 1242 4729 quas
1301 4658 1603 4714 hominem
1652 4666 1918 4717 accuset:

274 4760 403 4808 tum
438 4768 571 4807 eum
605 4751 689 4805 illi
724 4751 781 4804 in
807 4750 910 4819 jus
930 4753 1162 4814 vocant,
1195 4747 1295 4819 qui
1327 4754 1566 4802 vocatus
1617 4749 1796 4818 iujus
1829 4751 1924 4804 ad-

279 4845 426 4911 fuit;
463 4842 673 4913 partim
708 4840 940 4911 propria
958 4837 1140 4893 fretus
1165 4837 1541 4905 conscientia,
1568 4839 1779 4909 partim
1814 4839 1922 4895 hoc

277 4933 572 5005 plerisque
627 4929 791 4985 malae
850 4927 1215 4984 conscientias
1262 4934 1680 4998 argumentum
1740 4929 1923 4985 videri

280 5027 463 5088 ratus,
491 5022 538 5076 si
574 5019 707 5092 quis
729 5017 912 5089 judici
953 5033 1014 5073 se
1044 5017 1251 5072 sistere
1284 5018 1575 5073 detrectet.

354 5109 611 5165 Postulat
640 5124 777 5180 ergo
805 5107 1171 5162 Eustathius.
1199 5114 1260 5160 ut
1293 5105 1641 5161 muliercula
1665 5106 1766 5162 illa
1785 5124 1921 5178 pec-

273 5200 420 5255 catis
452 5204 662 5253 onusta
680 5201 737 5251 et
762 5195 1136 5251 sutl'arcinata
1166 5194 1501 5250 testimonio
1534 5194 1918 5265 aliquoﬁdem

275 5290 470 5343 verbis
501 5289 624 5342 suis
650 5284 1014 5356 t‘aciat,qucd
1040 5285 1275 5355 quidem
1309 5290 1365 5338 et
1395 5282 1622 5354 legibus
1654 5290 1711 5339 et
1742 5301 1918 5339 cano-

277 5380 453 5433 nibus
474 5380 935 5431 consentaneum
969 5384 1111 5428 erat.
1149 5372 1237 5428 [lli
1268 5378 1466 5428 autem
1500 5373 1754 5439 mulieri,
1790 5391 1919 5444 quae

279 5467 617 5541 probatione
646 5465 804 5519 omni
836 5462 1268 5518 destituebatur
1292 5460 1706 5531 jusjurandum
1749 5462 1915 5517 detu-

279 5558 494 5625 lerunt,
516 5568 748 5609 omnem
778 5551 836 5605 in
870 5568 934 5606 eo
958 5551 1167 5621 judicii
1198 5550 1497 5605 veritatem
1549 5550 1916 5606 constituen-

282 5652 391 5701 tes.
424 5643 540 5701 Hoc
571 5646 768 5700 autem
801 5641 880 5696 ita
909 5656 978 5695 ex
1010 5639 1268 5711 professo
1299 5643 1555 5710 egerant,
1591 5637 1766 5694 utilia
1794 5642 1912 5697 veri

2030 4675 2132 4714 sus
2167 4657 2329 4713 illum
2363 4673 2565 4723 cogere
2603 4667 2923 4730 cmperunt.
2972 4659 3117 4715 Hinc
3150 4677 3319 4732 porro
3377 4677 3574 4716 eorum
3611 4660 3674 4715 li-

2032 4747 2240 4801 bertati
2277 4747 2593 4817 plurimum
2625 4748 2969 4804 incrementi
3000 4750 3262 4804 accessit.

2104 4836 2355 4892 Arianus
2390 4841 2688 4909 presbyter
2713 4837 2774 4893 in
2801 4838 3146 4894 Constantia:
3178 4837 3543 4909 imperatoris
3576 4855 3672 4893 so-

2031 4924 2180 4979 roris
2212 4925 2668 4981 familiaritatem
2726 4941 2787 4981 se
2820 4927 3238 4984 insinuaverat.
3271 4927 3374 4981 Hic
3429 4943 3494 4981 eo
3540 4932 3670 4980 tan-

2032 5015 2162 5068 dem
2188 5014 2433 5069 licentiae
2466 5016 2746 5084 prorupit,
2779 5019 2842 5068 ut
2872 5014 3051 5070 libere
3080 5031 3212 5069 cum
3276 5032 3342 5069 ea
3381 5015 3669 5086 colloque-

2032 5109 2212 5171 retur,
2248 5104 2567 5172 Ariumque
2597 5104 2814 5172 injuste
2844 5108 2901 5157 et
2947 5119 3048 5175 per
3094 5103 3364 5159 invidiam
3411 5104 3669 5160 Ecclesia

2031 5193 2279 5263 ejectum
2313 5208 2442 5248 esse
2474 5192 2711 5248 diceret.
2735 5192 2957 5254 Quibus
2989 5193 3178 5247 verbis
3224 5194 3495 5260 adducta,
3544 5209 3669 5264 pre-

2030 5283 2328 5352 sbyterum
2363 5282 2421 5335 in
2457 5279 2738 5335 familiam
2758 5282 2979 5335 ascivit.
3015 5282 3160 5335 Cum
3193 5285 3389 5336 autem
3409 5281 3663 5336 heret-im

2030 5374 2183 5443 gravi
2222 5373 2422 5427 morbo
2454 5372 2762 5436 laboraret,
2793 5376 2858 5426 ut
2896 5372 3142 5442 jamjam
3185 5372 3469 5428 moritura
3518 5374 3670 5427 vide-

2031 5469 2207 5525 retur,
2243 5479 2273 5515 a
2305 5461 2682 5516 Constantino
2705 5462 2903 5530 fratre,
2949 5461 3051 5532 qui
3083 5462 3240 5518 illam
3275 5462 3334 5518 id
3383 5464 3661 5535 temporis

2026 5551 2325 5618 inviseret,
2348 5556 2670 5605 extremum
2706 5550 2813 5604 hoc
2834 5550 3181 5606 beneficium
3220 5553 3400 5621 petiit,
3434 5557 3497 5608 ut
3529 5569 3661 5625 pre-

2023 5641 2320 5713 sbyterum
2372 5638 2536 5693 illum
2587 5638 2737 5693 inter
2790 5638 3109 5695 familiares
3167 5638 3428 5711 haberet,
3489 5644 3659 5714 eique
