4058 6212
406 389 558 452 1371

1721 375 2028 444 NlCE’l‘IE
2071 373 2502 443 CHONIA'l‘jE

3660 367 3813 435 43⁵12

394 531 680 596 tanquam
741 521 1060 579 orthodoxe
1115 520 1393 576 crederet.
1445 519 1606 586 Quod
1668 519 1739 573 ad
1791 517 2046 589 seipsam
2076 513 2130 585 Α
2158 517 2273 573 bus
2303 533 2598 589 egressus,
2634 518 2697 571 ut
2725 516 2784 570 in
2814 511 3122 570 ecclesiam
3141 527 3200 567 se
3230 509 3546 575 conferret,
3573 509 3824 582 par-vuln

395 615 686 679 attineret,
723 613 873 668 hanc
905 611 1015 667 sibi
1043 611 1221 665 vitam
1257 626 1411 664 curae
1461 607 1717 680 amplius
1749 625 1862 664 non
1897 625 2050 664 esse.

398 705 586 760 Fratri
621 707 813 758 autem
847 719 917 757 ne
947 701 1082 773 quid
1113 701 1340 756 adversi
1388 699 1772 768 contingeret,
1803 697 2049 769 perhor-

401 809 651 858 rescere,
681 793 897 862 quippe
928 789 1026 858 qui
1061 789 1210 843 viros
1266 787 1451 842 bonos
1501 785 1722 856 injuste
1775 783 2051 839 multaret

402 880 631 936 exsilio.

470 971 557 1026 Ab
590 985 656 1025 eo
676 974 932 1040 tempore
959 967 1295 1038 imperator,
1325 965 1660 1036 presbytero
1706 963 1761 1018 in
1798 959 2049 1019 familia-

397 1061 553 1118 rium
613 1075 909 1114 numerum
971 1056 1197 1124 allecto,
1263 1055 1668 1123 mandatisque
1726 1053 1944 1110 sororis
1992 1055 2044 1110 ei

395 1148 863 1212 communicatis,
897 1146 1064 1201 facile
1105 1146 1336 1200 tandem
1390 1161 1455 1199 eo
1499 1144 1790 1198 adductus
1839 1147 1950 1212 est,
1984 1149 2048 1198 ut

393 1241 596 1296 Arium
621 1239 691 1294 ab
718 1236 917 1293 exsilio
961 1239 1276 1302 revocaret,
1300 1233 1677 1305 juberetque,
1715 1237 1774 1288 ut
1805 1235 2042 1305 scripto,

401 1329 541 1400 quid
577 1329 648 1383 de
677 1326 929 1381 Numine
991 1325 1254 1391 sentiret,
1289 1322 1672 1394 proﬁteretur.
1715 1323 1816 1378 Hic
1849 1329 2042 1378 autem

397 1418 707 1490 pristinam
749 1415 906 1470 illam
957 1413 1269 1468 verborum
1305 1429 1338 1466 a
1394 1429 1456 1466 se
1509 1412 1634 1482 ipso
1681 1412 2044 1466 inventorum

400 1506 714 1562 novitatem
777 1505 1020 1572 fugiens,
1047 1501 1220 1556 aliam
1255 1500 1386 1554 titlri
1441 1500 1870 1556 confessionem
1905 1517 2041 1555 con-

401 1595 608 1659 texuit,
643 1592 1132 1663 simplicibusque
1158 1591 1349 1645 verbis
1406 1591 1682 1644 exaravit.
1717 1593 1842 1644 Una
1873 1605 2044 1660 porro

405 1700 540 1738 cum
571 1681 672 1737 illo
715 1681 964 1736 Euzoius
997 1681 1278 1734 diaconus
1309 1684 1452 1732 erat.

473 1773 796 1840 Imperator
825 1765 1020 1838 itaque
1044 1767 1172 1822 illos
1195 1783 1257 1820 ea
1284 1766 1499 1821 sentire
1533 1766 1884 1837 suspicatus,
1917 1783 2040 1834 qua:

2163 607 2417 679 quodam
2470 622 2612 675 puro
2643 603 2835 661 solum
2875 601 3212 666 comitante,
3255 616 3392 656 cum
3447 601 3827 671 pervenisset

2161 699 2232 752 ad
2264 697 2460 768 Signa,
2492 693 2654 750 locus
2697 693 2792 748 hic
2821 699 2911 748 est
2973 687 3134 746 urbis
3192 689 3821 760 ConstantinOpoieos,

2161 785 2242 842 ita
2269 785 2591 853 dictus,nec
2627 779 2881 855 procula
2913 777 3204 852 Purpurea
3235 774 3816 834 columbadissitus:

2159 893 2248 942 ea,
2277 875 2542 948 inquam,
2575 874 2666 929 cui
2694 869 2944 928 maxime
2971 863 3340 925 Constantini
3371 873 3567 922 statua
3622 868 3818 938 impo-

2159 966 2272 1022 sita
2296 971 2404 1034 est,
2437 982 2564 1037 quis
2590 959 2878 1031 Ἀνθήλιος
2911 961 3018 1016 hoc
3059 961 3149 1014 est
3209 955 3417 1014 orienti
3464 955 3572 1012 soli
3632 975 3817 1029 oppo-

2158 1057 2289 1124 sita,
2322 1055 2532 1110 dicitur
2558 1054 2706 1126 (que
2739 1059 2902 1107 terrae
2946 1053 3104 1104 motu
3140 1045 3317 1103 etiam
3366 1047 3666 1102 confracta
3695 1053 3812 1116 est,

2155 1145 2481 1217 imperante
2512 1144 2936 1200 Comnenorum
2966 1139 3151 1210 primo
3197 1135 3438 1208 Alexio),
3475 1133 3589 1192 alvi
3614 1135 3817 1190 tormi-

2155 1238 2328 1292 nibus
2377 1238 2616 1292 foricam
2653 1232 2876 1305 ingredi
2929 1235 3169 1287 coactus
3210 1233 3319 1297 est,
3372 1223 3472 1300 ubi
3519 1229 3804 1282 naturalis

2153 1325 2501 1383 excrementi
2534 1325 2658 1380 loco
2691 1323 2971 1393 disrupta
2998 1319 3281 1375 intestina
3309 1306 3551 1388 egessit.

2223 1415 2610 1471 Theodoritus
2643 1429 2811 1484 porro
2853 1415 3054 1466 auctor
3103 1413 3213 1478 est,
3243 1401 3635 1463 Athanasium
3688 1401 3815 1462 Ma-

2155 1521 2334 1578 gnum
2367 1505 2425 1560 in
2460 1501 2715 1576 Epistola
2746 1502 2817 1557 ad
2850 1501 3172 1572 Appionem
3205 1491 3387 1552 dehis
3410 1495 3566 1550 hunc
3594 1493 3654 1550 in
3680 1512 3810 1551 mo-

2155 1595 2294 1650 dum
2327 1594 2579 1650 scribere
2609 1609 2623 1646 :

2224 1701 2398 1756 Arius
2417 1711 2595 1772 opera
2632 1699 3097 1756 Eusebianorum
3125 1696 3195 1751 ab
3243 1694 3598 1764 imperatore
3620 1695 3802 1749 Conso

2155 1791 2379 1846 tantine
2409 1790 2629 1844 accitus
2662 1790 2869 1844 fuerat.
2933 1787 3264 1854 ingressum
3317 1783 3516 1854 itaque
3576 1784 3809 1853 rogavit

399 1858 798 1958 cum_Nicmna
829 1857 1048 1956 δΥηίξάο
1098 1855 1517 1958 Ῠοθθξθηίίῗθηίν
1551 1855 1870 1958 θρίδθφρίῖᾓ
1914 1856 2041 1910 Ηίθ⁹
2080 1897 2124 1958 Β
2156 1879 2490 1951 imperator,
2525 1889 2664 1932 num
2711 1876 2985 1933 Ecclesia
3038 1872 3335 1928 catholica;
3368 1867 3540 1926 ﬁdem
3579 1871 3810 1942 ample-

403 1947 696 2020 rosolyma
734 1946 1041 2001 convenire
1087 1945 1292 2016 jussit,
1343 1949 1405 1998 nt
1473 1950 1772 2016 perspecta
1811 1938 2046 2000 illorum

401 2037 773 2093 confessione
806 2034 1123 2090 humanius
1170 2036 1238 2089 de
1269 2031 1369 2088 illa
1423 2035 1820 2102 decernerent,
1849 2033 2048 2105 Itaque

401 2125 715 2180 Eusebiani
761 2123 1254 2195 Opportunitatem
1291 2125 1464 2188 nacti,
1523 2124 1660 2178 Ario
1705 2127 1762 2178 et
1817 2124 2046 2178 Euzono

394 2211 760 2286 justificatis,
811 2211 1201 2268 Athanasium
1245 2212 1736 2278 condemnarunt,
1787 2211 1886 2283 qui
1917 2211 2048 2268 illos

408 2320 524 2358 non
578 2301 929 2358 admisisset.
959 2301 1101 2357 Cum
1163 2305 1346 2355 autem
1406 2300 1496 2356 hic
1526 2301 1598 2355 ad
1633 2301 2044 2370 imperatorem

405 2391 787 2463 confugisset,
823 2389 992 2460 eique
1037 2391 1108 2445 de
1159 2389 1361 2459 iniquo
1406 2389 1635 2444 illorum
1671 2389 1897 2459 judicio
1957 2406 2042 2444 re-

400 2481 752 2549 nuntiasset,
784 2484 1102 2552 imperator
1150 2478 1628 2534 comminatorias
1662 2479 1731 2533 ad
1765 2495 1862 2534 eos
1897 2477 2045 2534 litte-

400 2587 494 2624 rzts
553 2569 733 2624 misit.
767 2569 975 2624 Territi
1032 2585 1168 2639 ergo
1228 2567 1771 2639 Constantinopolin
1817 2567 2048 2623 advola-

405 2664 564 2726 runt,
598 2660 695 2714 uhi
728 2675 842 2715 non
878 2657 1082 2729 paucis
1111 2659 1388 2712 adversus
1424 2656 1802 2712 Athanasium
1855 2657 2049 2712 crimi-

405 2748 579 2804 nibus
595 2747 1233 2820 confictis,imperat0ri
1267 2748 1502 2802 tandem
1537 2751 1957 2816 persuaserunt
1987 2751 2051 2800 ut

402 2853 538 2892 eum
571 2838 629 2893 in
689 2837 956 2893 Occidere
1003 2836 1240 2892 Galatia
1294 2835 1580 2890 civitatem
1626 2836 1880 2891 Tiberim
1932 2836 2046 2908 (62)

399 2927 704 2998 relegaret.

1091 3031 1244 3088 CAP.
1278 3027 1367 3090 ΧῙ.

401 3144 479 3198 Do
506 3139 630 3198 Arii
657 3139 1036 3196 Alexandrina
1065 3142 1448 3196 communione
1473 3139 1645 3212 pulsi,
1677 3152 1778 3195 nec
1803 3139 1874 3194 ad
1896 3139 2047 3212 700n-

471 3212 1050 3282 stuntinopclitanam,
1090 3212 1206 3266 nisi
1237 3215 1312 3278 vi,
1347 3215 1462 3272 vix.
1484 3215 1536 3268 er
1564 3217 1769 3282 preter
1797 3211 2046 3267 orthodo-

471 3301 672 3340 xorum
699 3287 1026 3339 sententiam
1059 3283 1302 3350 admissi,
1331 3283 1592 3355 pudenda
1622 3292 1812 3338 morte.

477 3412 684 3462 Postea
742 3423 874 3461 cum
927 3408 1101 3461 Arius
1161 3407 1268 3462 hac
1331 3409 1682 3478 impunitate
1735 3407 2052 3479 proposita,

408 3493 818 3551 Alexandriam
842 3495 1114 3561 venisset,
1162 3512 1266 3549 nec
1287 3512 1418 3549 eum
1453 3495 1844 3550 Alexandrina
1865 3496 2056 3551 Eccle-

402 3585 490 3640 sia
513 3583 570 3638 in
605 3581 1081 3639 communionem
1135 3583 1472 3652 recepiset,
1504 3583 2053 3654 Constantinopolin

401 3674 593 3742 rediit,
620 3673 718 3727 ubi
757 3672 1220 3727 Eusebiauorum
1249 3687 1428 3742 opera
1479 3688 1685 3726 rursus
1714 3671 1772 3726 in
1807 3689 2052 3742 conspe-

403 3770 503 3819 ctu
515 3781 566 3818 m
585 3761 956 3834 imperatoris
970 3760 1128 3816 venit
1153 3778 1164 3816 :
1199 3777 1451 3831 eumque
1471 3760 2056 3833 Constantinopoleos

406 3853 734 3908 Alexander
767 3851 1078 3906 admittere
1109 3851 1354 3921 cogitur.
1390 3850 1498 3916 Qui
1553 3866 1686 3905 cum
1737 3866 1802 3906 eo
1843 3851 2054 3906 adduci

408 3958 525 3998 non
559 3941 1116 4012 posset,iinperator
1144 3939 1504 4009 gravioribus
1538 3939 1630 3995 his
1677 3956 1809 3996 eum
1864 3941 2058 3996 verbis

411 4031 705 4086 allocutus
732 4036 822 4086 est
853 4047 866 4084 :

482 4119 780 4174 Videmiui
824 4119 989 4183 mihi,
1027 4119 1237 4190 inquit,
1271 4117 1488 4174 invidia
1539 4118 1756 4173 bellum
1816 4119 1874 4174 in
1905 4119 2060 4175 viros

415 4224 666 4275 movere,
691 4208 1164 4279 quandoquidem
1205 4223 1407 4262 eorum
1441 4207 1540 4275 qui
1573 4208 1779 4263 docere
1811 4213 2060 4278 possunt

412 4297 705 4353 neminem
738 4298 795 4351 in
819 4298 1282 4353 ecclesiasticum
1311 4295 1522 4350 coelum
1538 4296 1846 4352 admittere
1860 4296 2052 4350 vultis.

483 4388 742 4451 Quorum
773 4387 1086 4442 verborum
1120 4385 1320 4440 aculeo
1378 4391 1766 4455 compunctus
1811 4385 2058 4440 Alexan-

407 4475 531 4544 der,
567 4478 712 4531 bene
754 4491 951 4530 secum
984 4481 1172 4529 actum
1203 4475 1270 4528 iri
1306 4481 1470 4530 ratus
1500 4479 1607 4540 est,
1643 4474 1692 4530 si
1721 4489 1842 4528 rem
1878 4481 2055 4530 totam

408 4565 622 4621 divina:
655 4565 1028 4635 providentiae
1050 4565 1790 4634 committeret,Ariumqus
1813 4567 2052 4637 rogavit,
2086 4612 2106 4637 ,

407 4658 476 4707 ut
493 4653 734 4708 Nicena;
761 4654 890 4708 fidei
925 4653 1339 4718 subscriberet,
1375 4669 1480 4708 nec
1539 4653 1596 4707 id
1663 4653 1792 4708 sine
1830 4655 2056 4725 jureju-

410 4744 611 4809 rando,
643 4758 758 4813 quo
788 4758 852 4796 se
873 4742 1018 4798 citra
1049 4741 1248 4796 dolum
1271 4742 1640 4797 subscribere
1662 4743 2050 4811 conﬁrmaret,

403 4847 657 4904 veraque
688 4834 832 4886 adeo
857 4832 970 4885 lide
993 4832 1334 4900 adductum,
1361 4835 1413 4886 et
1437 4848 1636 4886 eorum
1671 4831 2054 4902 paenitudine,

407 4939 530 4994 quis
561 4926 730 4977 antea
763 4919 1274 4993 perignorantiain
1307 4920 1650 4975 eil‘utiverat.

475 5016 618 5067 Cum
655 5011 852 5084 itaque
877 5012 1052 5065 Arius
1081 5012 1346 5080 expedite
1395 5009 1848 5080 subscripsisset
1897 5012 2055 5066 dela-

402 5106 652 5172 tumque
698 5100 1125 5172 jusiurandum
1159 5100 1494 5168 adiecisset,
1541 5099 1762 5169 scripto
1821 5105 2056 5170 accepto

406 5191 736 5246 Alexander
769 5191 826 5245 in
863 5191 954 5244 Dei
991 5189 1277 5259 templum
1311 5188 1611 5258 ingressus
1633 5195 1742 5256 est,
1767 5193 1823 5242 et.
1851 5189 2054 5251 oravit,

403 5281 505 5334 Die
537 5284 734 5336 autem
769 5278 1066 5335 Dominion
1103 5280 1377 5340 instante.
1415 5293 1531 5348 qua
1567 5278 1828 5348 quidem,
1864 5283 1928 5333 ut
1957 5280 2054 5334 de-

403 5377 626 5445 cretum
661 5371 1220 5439 fuerat.suggestum
1257 5383 1693 5422 conscensurus
1718 5366 2054 5432 eratArius,

407 5461 473 5506 ut
504 5456 823 5526 presbyteri
850 5472 1096 5510 munere
1125 5455 1321 5511 denuo
1379 5455 1864 5511 cohonestaretur
1923 5456 2055 5510 aedi-

2159 1973 2431 2024 cteretur.
2467 1969 2672 2033 Quem,
2694 1981 2820 2020 cum
2839 1981 2908 2020 ex
2938 1963 3269 2020 orthodoxae
3301 1960 3434 2015 fidei
3471 1964 3812 2032 praescripto

2160 2075 2221 2112 se
2285 2059 2520 2112 credere
2558 2053 3167 2126 jurdsset,ﬁdemque
3229 2051 3448 2120 scripto
3508 2050 3813 2121 professus

2159 2151 2333 2214 esset,
2366 2146 2632 2201 confictis
2649 2143 3088 2214 Snripturarum
3120 2140 3524 2204 vocibus,mox
3555 2139 3804 2206 dimisit,

2159 2235 2400 2292 dicens:
2431 2235 2491 2290 Si
2524 2239 2680 2290 recte
2705 2237 2802 2288 est
2833 2233 2976 2287 fides
3005 2237 3124 2300 tua,
3161 2227 3802 2301 pulchrejurssti;sint

2159 2341 2330 2380 secus
2359 2339 2423 2378 se
2455 2340 2546 2378 res
2577 2322 2809 2390 habeat,
2832 2321 2987 2376 Deus
3017 2335 3048 2376 e
3069 2317 3211 2374 cmlo
3245 2321 3400 2373 facta
3425 2323 3524 2372 tua
3545 2317 3794 2387 iudicet.

2231 2414 2541 2485 Egressum
2589 2417 2788 2466 autem
2819 2427 2952 2465 eum
3005 2408 3316 2464 Eusebiani
3371 2408 3446 2477 vi,
3488 2424 3590 2479 pro
3637 2424 3808 2463 more

2159 2519 2288 2569 suo,
2321 2503 2380 2556 in
2410 2500 2720 2557 Ecclesium
2757 2499 3122 2555 introducere
3180 2496 3530 2570 gestiebant.
3560 2495 3808 2552 Alexan-

2159 2593 2264 2647 dro
2297 2596 2491 2646 autem
2523 2586 3110 2659 Constantinopoleos
3141 2584 3415 2658 episcopo
3458 2585 3807 2652 reluctante,

2160 2681 2315 2736 hunc
2339 2681 2392 2734 in
2428 2679 2668 2735 modum
2701 2677 3251 2734 committebantur:
3295 2675 3806 2739 Quemadmodum

2161 2769 2495 2826 nolentibus
2525 2768 2686 2823 vobis
2717 2769 2789 2822 ab
2823 2766 3172 2836 imperatore
3202 2770 3443 2820 vocatus
3470 2769 3582 2832 est,
3617 2766 3701 2819 ita
3754 2770 3816 2820 et

2163 2861 2220 2916 in
2255 2859 2405 2914 hanc
2437 2856 2751 2914 Ecclesium
2787 2856 3203 2910 introducetur.
3243 2855 3338 2909 Die
3361 2871 3535 2926 porro
3573 2853 3817 2909 Sabbati

2161 2949 2316 3006 dicta
2346 2954 2486 3004 sunt
2518 2946 2658 3002 haec.

2231 3047 2456 3111 Quibus
2485 3044 2814 3100 Alexander
2843 3041 3148 3114 perculsus
3177 3042 3237 3096 in
3283 3040 3592 3096 ecclesiam
3631 3058 3694 3096 se
3726 3057 3810 3096 re-

2163 3137 2336 3210 cepit,
2373 3133 2587 3205 ubique
2611 3133 2770 3188 humi
2802 3133 3086 3203 abiectus,
3111 3129 3522 3203 lacrymasque
3575 3131 3813 3202 profun-

2163 3227 2326 3291 dens,
2359 3220 2468 3280 hoc
2500 3221 2831 3278 dilemmate
2882 3221 3064 3277 Deum
3125 3217 3348 3275 oravit:
3379 3222 3441 3276 Si
3483 3222 3653 3276 Arius
3681 3237 3802 3275 cra

2164 3313 2239 3369 ad
2265 3312 2506 3384 synaxin
2541 3312 2962 3372 introducatur,
2989 3325 3202 3365 arcana
3231 3313 3486 3379 quadam
3518 3309 3809 3380 dispensa-

2161 3405 2317 3459 tione
2348 3399 2928 3474 (impervestigabilia
2962 3399 3118 3455 enim
3146 3399 3371 3470 judicia
3414 3402 3528 3470 tua)
3586 3399 3810 3454 dimitte

2160 3508 2254 3548 me
2285 3506 2518 3546 servum
2543 3496 2730 3556 tuum,
2757 3503 2946 3558 neque
2979 3487 3140 3559 pium
3167 3505 3286 3542 una
3307 3504 3440 3544 cum
3474 3488 3656 3557 impio
3690 3505 3812 3560 per-

2161 3581 2283 3637 das.
2310 3581 2470 3644 Quod
2497 3577 2543 3631 si
2578 3577 2842 3633 Ecclesiae
2869 3582 2980 3630 tuae
3015 3577 3227 3648 parcis,
3260 3577 3484 3648 respice
3525 3581 3594 3630 ad
3625 3579 3807 3632 Euse-

2161 3672 2468 3726 bianorum
2524 3669 2715 3737 verba,
2751 3667 3072 3738 Ariumque
3103 3667 3174 3722 de
3222 3667 3416 3723 medio
3465 3667 3620 3738 tolle,
3647 3685 3722 3723 ne
3759 3669 3810 3724 si

2163 3763 2220 3816 in
2259 3759 2570 3815 Ecclesiam
2600 3757 2904 3828 ingressus
2935 3756 3132 3822 fuerit,
3165 3755 3406 3812 haeresis
3437 3773 3657 3828 quoque
3691 3773 3807 3810 una

2163 3866 2297 3905 cum
2321 3848 2419 3903 illo
2446 3847 2713 3918 ingressa
2740 3846 3029 3900 videatur.

2240 3947 2364 4000 Haec
2396 3942 2734 4015 precatusin
2752 3941 3032 3998 mdiculas
3045 3958 3185 3997 suas
3199 3939 3805 4016 lscrymassqualidus

2165 4051 2224 4089 se
2259 4033 2491 4102 recepit.
2527 4038 2600 4086 At
2646 4031 2818 4086 Arius
2881 4031 3254 4101 imperatoris
3305 4033 3591 4104 promissa
3635 4031 3814 4088 firma

2167 4124 2282 4178 fore
2313 4128 2494 4188 ratus,
2527 4121 2638 4176 sub
2671 4119 2996 4175 diluculum
3045 4120 3278 4190 prodiit,
3315 4136 3567 4191 moxque
3596 4123 3668 4177 ad
3737 4121 3817 4176 sl-

2165 4227 2300 4265 vum
2331 4210 2680 4280 egerendam
2708 4207 2976 4278 publicas
3009 4208 3218 4263 foricas
3249 4208 3554 4282 ingressus
3583 4219 3696 4273 est,
3729 4227 3813 4265 re-

2163 4299 2300 4356 licto
2332 4299 2472 4354 foris
2507 4297 2743 4362 famulo,
2777 4299 2874 4368 qui
2909 4299 3287 4368 sequebatur.
3313 4299 3612 4355 lntestinis
3647 4317 3819 4370 porro

2163 4386 2468 4457 congestim
2525 4386 2831 4442 dissolutis
2870 4393 2927 4440 et
2963 4386 3198 4457 egestis,
3241 4385 3337 4441 ille
3385 4387 3548 4442 intus
3609 4389 3822 4443 sedens

2161 4476 2522 4532 exclamavit.
2548 4476 2689 4530 Cum
2723 4481 2921 4530 autem
2956 4475 2994 4529 ii
3045 4477 3145 4547 qui
3180 4493 3297 4530 una
3343 4493 3478 4532 cum
3526 4478 3630 4534 illo
3661 4483 3822 4534 sede.

2163 4568 2325 4634 bant,
2357 4567 2410 4620 id
2439 4564 2765 4621 ail‘ectionis
2795 4566 3118 4636 conspirati
3148 4571 3363 4631 essent,
3391 4572 3449 4620 et
3493 4567 3823 4624 exclamas-

2163 4661 2316 4722 seut,
2351 4672 2491 4727 puer
2522 4655 2794 4719 accurrit.
2841 4660 3260 4726 mortuumque
3311 4657 3717 4726 conspicatus,
3763 4659 3822 4714 id

2166 4745 2322 4816 quod
2359 4743 2650 4800 acciderat
2679 4743 3025 4814 propinquis
3049 4745 3176 4813 eius
3231 4747 3609 4801 renuntiavit.

2238 4833 2367 4888 Hinc
2394 4833 2584 4901 itaque
2614 4828 2908 4900 θεήλατος,
2932 4847 3028 4886 seu
3067 4832 3347 4887 divinitus
3370 4832 3650 4890 immissa
3699 4836 3826 4908 pla-

2165 4939 2258 4992 gs,
2289 4921 2467 4976 simul
2489 4927 2664 4993 atque
2685 4920 3124 4978 celeberrimam
3151 4921 3460 4977 hominum
3492 4924 3830 4996 frequentia

2165 5011 2458 5066 civitatem
2495 5014 2806 5082 pervagata
2837 5016 2944 5078 est,
2979 5027 3306 5066 concursus
3348 5012 3421 5065 ab
3453 5011 3742 5069 omnibus
3769 5018 3824 5071 in

2167 5101 2432 5156 divinum
2465 5099 2748 5170 templum
2783 5101 2972 5156 factus
2999 5106 3106 5155 est.
3139 5099 3362 5164 Quibus
3414 5095 3500 5156 uti
3562 5105 3823 5173 primum

2164 5194 2223 5245 et
2250 5189 2621 5258 imperatoris
2654 5190 3002 5260 promissum
3036 5198 3088 5244 et
3119 5191 3438 5245 sacerdotis
3493 5207 3703 5262 preces
3731 5195 3823 5248 in-

2167 5282 2508 5345 notuerunt,
2546 5277 2932 5332 Ecclesiarum
2967 5279 3203 5350 quidem
3233 5281 3563 5348 praefectum
3606 5282 3826 5337 collau-

2166 5371 2402 5433 darunt,
2467 5367 2664 5422 Arium
2718 5384 2852 5422 vero
2912 5373 3144 5438 propter
3207 5364 3453 5423 heresin
3535 5373 3823 5427 exsecrati

2166 5462 2324 5512 sunt.

641 5628 900 5683 Tiberim
957 5639 1228 5703 corrupte
1277 5631 1503 5690 Nicetes
1553 5652 1665 5706 pro
1718 5635 2017 5690 Trsverim
2077 5634 2276 5702 habet,
2334 5650 2466 5689 nam
2513 5633 2821 5690 Sozomen.
2879 5632 2984 5689 lib.
3049 5650 3194 5704 u,c.
3253 5635 3347 5704 28,
3407 5629 3666 5709 Τρίϐεριν
3725 5655 3820 5711 ap~

405 5693 608 5776 pellat.
