4090 6192
254 410 411 478 1373

926 545 1081 600 CAP.
1116 544 1234 601 XII.

255 660 325 713 De
400 654 803 729 paralogistico
871 653 1093 709 Eusebii
1160 652 1604 729 Nicomediensis
1668 658 1910 729 episcopi

325 726 623 801 ὁμὸοῦσιον
660 726 717 781 in
759 726 1461 801 apatbuetov_mulutione,
1512 726 1606 782 cui
1642 726 1908 784 constar:-

325 797 431 857 tius
486 797 803 867 imperator
844 807 899 852 et
968 797 1252 853 duodecim
1319 799 1617 870 pluresque
1670 802 1910 872 episcopi

325 872 791 942 subscripserunt.

324 979 641 1036 Sciendum
677 993 847 1047 porro
894 981 1002 1039 est,
1060 979 1211 1047 quod
1267 992 1399 1033 cum
1460 978 1679 1048 impius
1736 980 1905 1033 Arius

257 1069 468 1124 Filium
503 1067 603 1122 Dei
645 1069 973 1121 creaturam
1032 1066 1272 1133 diceret,
1332 1067 1713 1139 ejusdemque
1769 1082 1904 1122 cum

256 1159 425 1213 Patre
442 1155 786 1212 substantias
815 1159 1053 1225 negaret
1078 1172 1093 1221 ;
1117 1160 1440 1225 contraque
1465 1156 1679 1211 Nicaeai
1708 1161 1905 1211 Patres

257 1263 389 1311 eum
420 1242 737 1316 ὁμοοὺσιον,
773 1261 872 1297 δρα
916 1243 1254 1299 substantia
1286 1244 1441 1299 Patri
1501 1246 1900 1315 conjunctum,

257 1338 578 1406 eademque
610 1350 742 1388 cum
774 1334 874 1387 illo
906 1338 1114 1402 natura
1147 1333 1452 1403 praeditum
1485 1350 1614 1390 esse
1665 1336 1902 1406 proﬁte-

262 1429 483 1486 rentur,
518 1424 755 1477 tandem
790 1422 887 1491 qui
923 1422 994 1475 ab
1028 1420 1274 1475 Eusebio
1325 1421 1753 1478 Nicomediensi
1785 1428 1904 1478 sta-

264 1515 422 1581 bant,
453 1510 773 1583 ὁμοιούσιον
803 1510 1107 1573 vocabulo,
1139 1509 1297 1580 quod
1327 1526 1619 1580 nusquam
1654 1512 1710 1566 in
1745 1512 1900 1567 Scri-

261 1602 448 1673 pturis
480 1600 849 1671 reperiretur,
894 1598 1151 1669 exploso,
1207 1596 1503 1668 ὁμοούσιον
1564 1599 1901 1654 introduxe-

263 1701 412 1747 runt.
448 1692 585 1755 Quae
614 1689 851 1759 quidem
882 1688 939 1742 in
964 1689 1135 1742 verba
1160 1689 1473 1757 imperator
1503 1688 1901 1756 Constantius,

259 1776 635 1848 episcOpique
670 1774 944 1845 permulti
967 1776 1263 1843 jurarunt,
1324 1792 1574 1846 quorum
1609 1777 1731 1832 hnc
1762 1784 1905 1832 sunt

265 1867 506 1922 nomina
530 1882 541 1919 :

333 1955 613 2026 Georgius
644 1953 955 2021 Laodiceae,
988 1969 1116 2025 quas
1148 1953 1205 2007 in
1239 1954 1402 2025 Syria
1430 1959 1539 2025 est,
1571 1955 1903 2026 episcopus:

264 2045 518 2100 Basilius
556 2046 827 2114 Ancyras:
892 2041 1220 2096 Eustathius
1269 2043 1584 2100 Sehastias:
1637 2045 1908 2100 Eleuatus

262 2135 469 2206 Cyzini:
506 2131 867 2204 Saphronius
901 2132 1393 2203 Pompeiopoleos,
1418 2149 1543 2204 quea
1565 2133 1621 2188 in
1655 2133 1903 2205 Paphla-

262 2224 435 2294 gonia
493 2228 625 2279 est:
684 2221 933 2292 Cyrillus
989 2220 1557 2292 Hierosolymorum:
1618 2222 1906 2279 Salvanus

259 2312 461 2367 Tarsi:
498 2310 843 2366 Dracontius
873 2310 1174 2381 Pergami:
1212 2310 1546 2366 Heortasius
1594 2312 1901 2368 Sardium:

257 2402 416 2457 Neon
449 2401 744 2463 Seleuciae,
778 2417 904 2470 quae
937 2404 1025 2454 est
1058 2402 1112 2453 in
1148 2400 1406 2455 Isauria:
1441 2400 1705 2472 Elpidius
1732 2405 1902 2456 Sala-

253 2489 482 2545 lorum:
516 2488 871 2559 Theophilus
900 2487 1273 2553 Gabalorum,
1307 2494 1363 2543 et
1420 2488 1514 2542 alii
1548 2506 1660 2544 non
1696 2491 1900 2559 pauci:

253 2579 354 2649 qui
388 2579 625 2650 quidem
660 2576 994 2650 Ἡμιάρειοι,
1049 2593 1149 2633 seu
1185 2577 1529 2633 Semiariani
1571 2579 1705 2633 dicti
1740 2584 1900 2646 sunt,

253 2671 387 2739 quia
415 2685 547 2723 cum
573 2669 751 2723 Arius
774 2668 984 2721 Filium
1010 2672 1337 2721 creaturam
1370 2667 1639 2739 Patrique
1663 2684 1903 2739 prorsus

254 2756 519 2828 ἀνόμοιον
548 2774 647 2812 seu
684 2756 1015 2811 absimilem
1072 2756 1311 2826 diceret,
1347 2756 1403 2810 hi
1465 2772 1653 2827 neque
1684 2754 1899 2827 ὁμοσύ-

252 2864 368 2899 σιον
404 2863 534 2901 cum
570 2846 819 2900 Nicaeais
851 2845 1134 2910 Patribus,
1184 2846 1318 2901 Aria
1376 2847 1482 2900 hac
1514 2847 1569 2899 in
1606 2861 1663 2900 re
1694 2848 1897 2901 faven-

250 2941 362 3002 tes,
396 2952 583 3007 neque
641 2939 965 2991 creaturam
1036 2939 1236 3006 aperte
1276 2935 1530 3005 profiteri
1590 2934 1896 2990 hominum

256 3030 419 3080 metu
478 3025 791 3089 audebant,
851 3024 951 3079 sed
1022 3023 1358 3094 opinionem
1421 3023 1669 3078 mediam
1715 3024 1899 3079 secuti

248 3104 725 3186 ὁμοιούσιονίεθιι
758 3113 971 3168 similis
1003 3128 1135 3167 cum
1169 3112 1331 3166 Patre
1364 3111 1708 3167 substantias
1741 3112 1896 3167 dice-

246 3203 410 3267 bant,
442 3200 665 3273 ὁμοίου,
698 3218 797 3258 seu
832 3200 1068 3267 similis,
1091 3198 1479 3270 appellatione
1503 3198 1712 3254 Filium
1734 3199 1891 3255 Patri

243 3290 523 3357 similem,
556 3308 671 3346 non
707 3288 978 3353 naturali,
1012 3291 1108 3343 sed
1156 3287 1500 3359 imaginaria
1531 3288 1784 3357 quadam
1818 3288 1891 3343 si-

240 3380 573 3435 militudine
630 3379 1046 3450 signiflcantes,
1080 3374 1267 3436 οὐσίας
1328 3382 1522 3431 autem
1556 3392 1656 3431 seu
1688 3393 1888 3432 essen-

237 3468 332 3523 tia:
369 3468 628 3532 nomine,
662 3467 954 3536 dogmatis
993 3466 1418 3520 absurditatem
1473 3470 1887 3537 contegentes;

236 3564 418 3627 atque
448 3556 666 3609 idcirco
697 3554 1057 3623 impietatem
1090 3552 1327 3623 quidem
1356 3554 1628 3609 Arianam
1664 3571 1732 3609 ex
1762 3554 1890 3609 ani-

239 3662 339 3700 mo
373 3659 616 3715 prorsus
651 3642 927 3713 amplexi,
977 3642 1058 3697 ita
1112 3648 1329 3710 tamen,
1364 3648 1425 3697 ut
1452 3660 1521 3698 ex
1551 3642 1798 3697 dimidio
1831 3643 1891 3697 id

235 3748 411 3805 agere
442 3733 798 3797 viderentur,
832 3731 971 3802 quia
1016 3747 1131 3786 non
1192 3738 1389 3802 aperte
1420 3732 1558 3786 Filio
1609 3744 1888 3788 creaturis

234 3839 455 3880 nomen
487 3822 830 3878 tribuerent.

826 3909 1061 3966 CAPUT
1094 3904 1293 3968 XVIII.

234 4041 308 4093 De
338 4038 521 4091 Acoeti
549 4033 733 4106 ὁμοίῳ
774 4038 868 4089 cui
917 4035 1118 4103 viginti
1173 4036 1489 4106 pluresque,
1542 4039 1886 4105 subscripse-

308 4114 441 4163 runt
470 4107 736 4177 episcopi,
769 4108 926 4177 eique
957 4109 1235 4160 contraria
1263 4108 1403 4161 Aelii
1433 4106 1711 4178 ἀνόμοιον,
1744 4108 1891 4162 unde

308 4182 727 4235 Homunarum
760 4188 812 4231 et
844 4180 1317 4233 Anomaeanorum
1374 4177 1765 4248 appellationes
1794 4178 1886 4233 de-

306 4252 509 4307 ducta.

305 4375 419 4430 Nec
450 4390 582 4428 vero
613 4373 945 4436 defuerunt,
1006 4370 1104 4440 qui
1143 4371 1361 4440 majore
1397 4370 1769 4440 impudentia
1800 4370 1885 4425 lae

234 4466 529 4529 horantes,
566 4477 752 4532 neque
803 4457 1098 4530 ὁμοούσιον
1161 4476 1351 4530 neque
1408 4458 1752 4530 ὁμοιούσιον,
1787 4461 1887 4516 sed

230 4554 429 4625 ὅμοιον
461 4568 561 4607 seu
587 4549 862 4615 similem,
893 4548 1235 4619 simpliciter
1256 4549 1882 4617 etabsolutedicerent,

232 4643 554 4712 eodemque
588 4653 829 4710 prorsus
865 4637 1052 4705 modo,
1087 4652 1203 4707 quo
1238 4636 1522 4707 imagines
1551 4638 1884 4711 arohetypis

232 4732 360 4787 suis
390 4730 613 4784 similes
643 4744 768 4783 esse
796 4726 1093 4792 dicuntur,
1128 4741 1374 4797 quorum
1403 4728 1579 4782 duces
1602 4731 1658 4782 et
1687 4733 1882 4783 aucto.

231 4837 328 4876 res
393 4821 630 4875 fuerunt
677 4815 925 4870 Aeacius
965 4813 1257 4879 Caesareas,
1308 4832 1435 4887 qua:
1488 4816 1545 4870 in
1580 4815 1886 4871 Palaestina

227 4916 341 4975 est,
388 4909 739 4979 episcopus:
792 4903 1077 4975 Georgius
1134 4903 1527 4960 Alexandriae:
1589 4906 1885 4962 Eudoxius

230 4997 550 5054 Antiochia
580 5012 594 5050 :
630 4994 881 5050 Uranius
927 4993 1100 5064 Tyri:
1143 4992 1515 5065 Patrophilus
1561 4994 1881 5067 Scythopoo

229 5089 352 5144 leos
390 5104 402 5142 :
430 5084 765 5142 Theodulus
793 5082 1260 5152 Chmretomrum
1296 5083 1555 5156 Phrygia:
1581 5101 1594 5139 :
1618 5084 1881 5141 Theodo-

230 5178 358 5234 sius
421 5172 850 5244 Philadelphiaa,
907 5184 1033 5243 quae
1091 5177 1182 5227 est
1213 5172 1270 5226 in
1326 5172 1541 5244 Lydia:
1602 5175 1884 5244 Evagrius

229 5264 578 5337 Mitylenes:
636 5260 905 5316 Leontius
964 5260 1259 5329 Tripoleos
1319 5260 1551 5332 Lydia:
1630 5262 1883 5317 Phoebus

226 5354 499 5411 Silandes
531 5350 791 5421 Phrygiae
819 5367 837 5404 :
870 5348 1186 5419 Eutychius
1240 5348 1748 5420 Eleutheropoleos
1779 5355 1883 5421 Sy-

230 5445 329 5499 riae
357 5456 369 5497 :
402 5440 745 5498 Eustathius
776 5437 1107 5507 Epiphaniae
1134 5452 1147 5490 :
1180 5442 1445 5509 Augarus
1468 5438 1595 5509 Cyri
1622 5455 1635 5493 :
1671 5438 1879 5494 Valens

226 5530 554 5604 Sigedonis,
589 5546 713 5601 quae
738 5532 794 5582 in
828 5526 1130 5581 Pannonia
1150 5532 1238 5581 est
1263 5566 1278 5583 .
1311 5525 1587 5582 Ursacius
1614 5526 1873 5584 Marses:

228 5623 519 5678 Eusebius
572 5617 842 5672 Seleuciae
901 5614 1142 5686 Syriacis
1178 5631 1191 5668 :
1225 5616 1558 5670 Germinius
1633 5615 1871 5671 Sirmil:

229 5710 555 5764 Auxentius
585 5705 1040 5760 Mediolanorum
1068 5718 1080 5755 :
1145 5702 1522 5773 Demophilus
1559 5704 1870 5760 Berrhmaa:

1598 410 1993 480 THESAURI
2036 414 2176 482 LIB.
2227 424 2300 484 ν.

1933 553 1987 618 Α
2017 550 2269 609 Basilius
2298 553 2385 610 vel
2415 548 2727 612 Basiliscus
2783 555 3134 611 Cauniorum
3190 552 3400 626 Lydiae,
3443 559 3493 608 et
3528 566 3659 606 cum

3514 412 3671 480 1374

2018 639 2109 695 his
2140 640 2263 696 alii.

2089 728 2366 788 Nonnulli
2392 744 2622 806 quoque
2654 734 2908 805 fuerunt,
2942 735 3038 806 qui
3099 726 3312 790 Filium
3349 732 3505 787 Patri
3535 728 3662 784 ἀνό-

2018 836 2177 892 μοων
2208 838 2310 877 seu
2335 818 2706 891 dissimilem,
2733 823 2961 896 publice
2989 825 3435 895 proﬁterentur:
3466 838 3665 893 quem-

2015 910 2335 967 admodum
2372 914 2589 982 Aetius,
2622 919 2678 970 et
2709 912 2836 985 ejus
2862 918 3183 970 consortes.

2665 1024 2823 1079 CAP.
2866 1022 3013 1078 XIV.

2014 1111 2086 1165 De
2109 1105 2321 1178 duabus
2352 1106 2588 1166 duarum
2647 1110 3009 1166 Ariminensis
3034 1118 3084 1166 et
3112 1108 3448 1164 Srieuciunaa
3494 1122 3657 1178 syno-

2083 1174 2281 1236 dorum
2311 1180 2749 1237 indicem/orum
2781 1184 2997 1237 causis:
3035 1195 3235 1252 priore,
3270 1185 3327 1233 ut
3357 1174 3664 1233 controrer-

2081 1254 2167 1307 sio
2224 1266 2388 1325 super
2434 1255 2641 1309 Ariona
2690 1255 2940 1323 dogmate
2994 1255 3446 1325 campaneretur;
3479 1257 3660 1325 poste-

2081 1327 2225 1389 rior,
2278 1320 2340 1379 ut
2394 1329 2565 1381 trium
2622 1320 3024 1397 episcoporum,
3085 1324 3379 1388 Eustathii,
3428 1320 3659 1397 Cyrilli,

2080 1404 2134 1452 et
2168 1397 2477 1452 Macedonii
2528 1393 2705 1453 causa
2728 1393 3152 1453 dis'culermtur.
3208 1397 3570 1464 Primumque
3597 1393 3661 1447 de

2081 1468 2499 1538 quatuordecim
2548 1469 2898 1535 criminibus,
2934 1469 3134 1539 quibus
3172 1466 3491 1521 Eustathius
3548 1466 3656 1517 im-

2083 1542 2283 1607 petitus
2313 1546 2408 1593 est.

2080 1624 2286 1681 Visum
2314 1633 2401 1682 est
2433 1628 2628 1698 itaque
2687 1628 3026 1683 Constantio
3076 1627 3405 1698 imperatori
3435 1641 3648 1695 cogen-

2012 1712 2117 1771 das
2149 1728 2276 1771 eBse
2308 1717 2583 1787 synodos,
2618 1716 2861 1771 alteram
2908 1716 3140 1786 quidem
3193 1713 3651 1769 Occidentalium

2012 1802 2418 1877 episcoporum
2454 1802 2605 1875 apud
2638 1803 2967 1859 Ariminum
2995 1798 3210 1870 Italiae;
3244 1802 3484 1857 alteram
3518 1816 3653 1855 vero

1937 1896 1982 1960 Β
2016 1892 2167 1963 apud
2203 1892 2525 1949 Seleuciam
2560 1890 2813 1958 lsaurias,
2874 1908 3001 1963 qua:
3029 1894 3259 1965 τραχεῖα
3318 1907 3418 1945 seu
3453 1904 3654 1959 aspera

2013 1978 2250 2047 dicitur,
2284 1986 2407 2035 inm
2455 1982 2685 2051 propter
2741 1981 2861 2035 haec
2892 1982 3186 2051 dogmata,
3240 1989 3359 2034 tum
3421 1982 3660 2049 propter

2012 2072 2293 2143 quasdam
2337 2068 2775 2125 criminationes
2812 2070 3009 2124 contra
3042 2068 3345 2139 episeopos
3402 2066 3655 2120 intenta-

2011 2166 2122 2226 tas,
2157 2174 2284 2231 qua:
2335 2154 2614 2231 synodica
2665 2157 3169 2213 animadversione
3228 2152 3653 2227 compescenda:

2009 2248 2385 2306 viderentur:
2417 2254 2475 2303 ut
2524 2253 2725 2304 contra
2786 2246 3151 2302 Eustathium
3214 2244 3511 2311 Sebastiaz,
3545 2244 3650 2315 Cy-

2011 2334 2203 2395 rillum
2238 2338 2797 2406 Hierosolymorum,
2831 2338 2887 2391 et
2916 2334 3313 2390 Macedoniam
3363 2337 3646 2389 Constan-

2011 2427 2332 2499 tinopoleos
2362 2427 2688 2499 episcopos,
2722 2425 2823 2497 qui
2876 2424 3055 2480 variis
3112 2425 3339 2480 fuerant
3397 2422 3645 2493 impetiti

2007 2514 2372 2573 criminibus.

2080 2606 2131 2663 1.
2166 2604 2507 2662 Eustathius
2539 2600 2797 2678 quidem,
2832 2605 2971 2677 quia
3001 2621 3130 2660 cum
3168 2604 3466 2677 presbyter
3499 2608 3650 2659 esset

2006 2698 2077 2752 ab
2122 2697 2345 2752 Eulalia
2398 2698 2584 2766 Patre,
2636 2700 2929 2762 Casuram,
2991 2714 3118 2769 quae
3168 2696 3226 2751 in
3286 2690 3651 2767 Cappadocia

2007 2790 2117 2855 est,
2150 2782 2421 2857 episcopo
2444 2787 2565 2857 jam
2597 2785 2736 2842 olim
2762 2786 3064 2858 judicatus
3108 2784 3314 2850 fuerat,
3366 2788 3420 2839 et
3476 2796 3507 2837 a
3542 2801 3645 2853 pu-

2007 2873 2174 2929 blicis
2206 2875 2480 2946 precibus
2513 2875 2755 2944 ejectus.

2072 2962 2126 3016 2.
2170 2958 2238 3017 Et
2266 2959 2399 3034 quia
2459 2965 2658 3033 postea
2699 2962 3011 3017 damnatus
3065 2979 3097 3017 a
3154 2960 3376 3033 synodo
3436 2961 3642 3027 fuerat,

2003 3064 2131 3123 quae
2171 3053 2240 3107 ad
2291 3051 2719 3107 Neocaesaream
2756 3050 2944 3119 Ponti,
2980 3050 3113 3106 ante
3174 3064 3447 3122 magnam
3479 3048 3642 3104 illam

2001 3138 2320 3207 Nicaenam,
2354 3140 2589 3209 (inierat,
2625 3141 2695 3195 de
2752 3141 2825 3195 iis
2858 3134 3285 3209 consultatum,
3319 3140 3415 3210 qui
3454 3154 3646 3210 perse-

1932 3259 1974 3326 ϐ
2005 3226 2746 3326 cutione-grass-ante‘lapsi
2780 3230 3026 3326 fuerant.

2076 3318 2128 3371 3.
2158 3318 2307 3382 Quin
2331 3328 2381 3373 et
2418 3317 2724 3383 Eusebius,
2763 3316 3011 3389 primum
3037 3314 3404 3381 Nicomediae,
3438 3315 3647 3371 deinde

1999 3405 2584 3478 Constantinopoleos
2614 3407 2946 3478 episc0pus,
2980 3420 3108 3461 eum
3144 3402 3214 3460 de
3265 3404 3447 3477 gradu
3482 3405 3645 3474 deje.

1997 3496 2174 3552 cerat.

2068 3585 2119 3639 4.
2170 3587 2492 3651 Postremo,
2552 3585 2652 3657 qui
2702 3584 2759 3639 in
2817 3584 3038 3655 synodo
3097 3583 3451 3639 Antiochena
3512 3598 3639 3655 per-

1989 3673 2461 3743 juriiconvlctus
2495 3674 2701 3742 fuerat,
2760 3674 3060 3744 multaque
3118 3673 3253 3736 alia,
3315 3672 3365 3727 si
3420 3668 3643 3725 Socrati

1995 3762 2315 3829 credimus,
2349 3768 2556 3834 printer
2584 3761 3012 3818 ecclesiasticos
3070 3774 3320 3815 canones
3352 3760 3636 3830 designat.

2063 3852 2116 3908 5.
2149 3853 2292 3907 Cum
2328 3853 2567 3923 nuptias
2599 3851 3013 3922 prohibuisset.

2062 3941 2117 3994 6.
2154 3945 2195 3993 A
2230 3941 2376 3995 ciliis
2407 3940 2699 3995 abstinere
2730 3937 3020 4008 iussisset.

2064 4032 2114 4080 7.
2150 4029 2357 4082 Servos
2391 4045 2423 4081 a
2474 4025 2755 4093 Dominis,
2812 4029 3090 4096 praetextu
3126 4024 3377 4097 pietatis,
3431 4025 3589 4080 nhirc
3625 4044 3638 4094 ;

2063 4120 2116 4171 8.
2149 4112 2421 4171 Mulieres
2445 4121 2499 4170 et
2522 4116 2674 4170 viros
2702 4126 2929 4170 comam
2954 4110 3265 4172 detondere
3290 4120 3636 4173 monuisset.

2062 4206 2119 4259 9.
2152 4202 2281 4275 Ipse
2304 4205 2475 4258 etiam
2505 4204 2831 4276 philosophi
2854 4205 3036 4260 Graeci
3060 4204 3325 4261 habitum
3361 4210 3635 4278 gestaret.

2063 4296 2151 4348 10.
2185 4292 2572 4364 Asseclasque
2605 4308 2743 4348 suos
2775 4294 3128 4363 hortaretur,
3170 4300 3228 4349 ut
3264 4297 3633 4367 peregrinum

1989 4382 2193 4437 itidem
2227 4381 2450 4437 cultum
2486 4386 2873 4437 assumerent.

2065 4473 2147 4525 11.
2187 4472 2406 4524 lndicta
2432 4471 2662 4542 jejunis
2695 4471 3030 4543 negligeret.

2066 4560 2151 4616 12.
2187 4559 2506 4615 Dominicis
2538 4560 2741 4615 diebus
2766 4560 3155 4632 jejunandum
3191 4561 3463 4631 doceret”;

2071 4649 2154 4703 13.
2192 4648 2412 4711 Preces,
2448 4664 2519 4702 ne
2548 4648 2603 4702 in
2656 4649 3100 4720 conjugatorum
3144 4648 3367 4705 sedibus
3414 4650 3636 4717 tierent,

1995 4736 2346 4809 prohiberet.

2066 4829 2152 4884 M.
2192 4828 2466 4899 Denique,
2500 4827 2817 4899 presbyteri
2851 4840 3086 4882 uxorem
3133 4826 3418 4896 habentis,
3462 4844 3633 4898 quam

1996 4918 2179 4973 laicus
2218 4918 2505 4973 exsistens
2564 4917 2846 4982 tinxisset,
2910 4917 3375 4971 benedictionem
3436 4918 3637 4971 advor-

1995 5009 2237 5064 saudam
2272 5012 2328 5062 et
2360 5006 2726 5062 devitandum
2754 5017 2879 5060 esse
2913 5008 3297 5077 profiteretur.

2658 5108 2814 5166 CAP.
2859 5106 2969 5167 XV.

1993 5202 2065 5256 De
2096 5196 2300 5273 ϐψ*ίηί
2331 5194 2837 5271 Hierosolymorum
2869 5202 3125 5273 episcopi,
3160 5200 3229 5258 ab
3267 5202 3459 5260 Acacio
3488 5220 3634 5260 com-

2061 5276 2288 5343 petitore
2318 5276 2375 5327 in
2398 5273 2493 5342 jus
2552 5280 2755 5337 vocati,
2813 5274 3119 5342 quamlibet
3164 5278 3518 5342 contumacis,
3564 5275 3633 5332 ad

2061 5346 2248 5413 majus
2279 5344 2535 5398 tribunal
2564 5346 2956 5413 provocatione.

2061 5441 2193 5504 Ome
2225 5446 2421 5495 autem
2472 5441 2754 5494 adversus
2802 5440 3081 5508 Cyrillum
3131 5442 3420 5500 instructa
3472 5449 3630 5512 sunt,

1989 5528 2148 5584 hunc
2180 5530 2238 5584 in
2279 5530 2520 5584 modum
2554 5543 2612 5583 se
2667 5528 2905 5584 habent.
2962 5529 3249 5587 Macarius
3307 5533 3634 5607 Hierosoly-

1988 5633 2217 5672 morum
2242 5616 2952 5689 episcopus,quiNicanis
2976 5618 3242 5676 Patribus
3264 5624 3631 5692 consederat,

1985 5708 2299 5762 Maximum
2335 5706 2754 5774 confessorem,
2814 5706 2905 5762 cui
2938 5704 3207 5765 dextrum
3238 5710 3471 5769 Oculum
3498 5713 3622 5768 Μαι
