4090 6192
413 344 568 406 1375

1726 343 2031 406 ΝΙΟΕΤᾸΞ
2075 341 2500 405 CHONIATE

3675 343 3827 401 1376

409 477 674 533 XllﬂlﬂUﬂ
739 481 1020 550 tyrannus
1079 477 1378 542 ell‘uderat,
1452 478 1799 549 sinistrique
1874 477 2301 551 cubitiAdem
2345 473 2717 547 appellationi
2773 473 3088 546 imperator
3144 488 3378 545 quoque
3439 474 3829 530 Constantius

413 585 620 623 nervos
679 567 1030 633 absciderat,
1097 574 1266 638 atque
1329 583 1447 622 una
1525 585 1656 623 cum
1729 566 2058 638 Paphnutio

405 656 780 730 {Egyptiados
810 655 1114 727 episcopos
1165 657 1237 712 ad
1277 656 1611 713 eii'odienda
1650 655 1890 713 metalla
1919 673 2056 713 con-

411 749 802 813 demnaverat,
836 747 907 801 ad
957 746 1258 819 Diopoleos
1316 748 1714 820 episcopatum
1774 751 2056 804 evexerat-

419 837 580 903 Quod
614 852 747 891 cum
779 852 924 906 aegre
956 836 1174 891 ferrent
1234 837 1735 909 llierosolymitani
1795 838 1869 909 (is
1900 837 2057 893 enim

419 930 551 996 post
606 925 837 980 Macarii
879 923 1105 980 obitum
1166 924 1703 997 Hierosolymorum
1745 926 2058 997 episcopus

417 1013 755 1084 designatus
769 1014 1002 1084 fuerat),
1021 1014 1607 1084 pmnitndineductus
1636 1022 1720 1070 est
1753 1014 2060 1085 aliumque

422 1102 803 1174 Diopotitanis
833 1102 1168 1174 episcopum
1206 1103 1398 1158 dedit:
1453 1105 1882 1174 Maximumque
1920 1103 2061 1158 Hie-

416 1191 725 1261 rosolymis
765 1207 999 1247 manere
1023 1192 1224 1262 jussit,
1257 1209 1324 1247 ea
1354 1192 1499 1263 lege,
1530 1201 1592 1247 ut
1623 1193 1944 1248 sacerdotio
1977 1209 2062 1246 se-

417 1297 548 1337 cum
615 1283 972 1352 fungeretur,
1023 1297 1202 1352 seque
1239 1288 1468 1337 mortuo
1503 1281 1770 1338 Ecclesiae
1803 1281 2055 1352 praelice-

421 1376 600 1428 retur.
661 1370 798 1434 Quae
829 1387 960 1424 cum
993 1371 1350 1437 arrisissent,
1381 1376 1530 1426 tacto
1561 1371 1868 1427 confestim
1901 1387 2056 1426 corn-

419 1458 661 1529 probata
690 1464 848 1514 sunt.

491 1557 777 1612 Maximus
803 1559 996 1628 itaque
1011 1557 1544 1630 Hierosolymarum
1567 1557 1877 1630 episcopus
1899 1574 2059 1613 crea-

419 1650 537 1710 tus,
572 1646 767 1702 nescio
800 1649 937 1717 quid
1002 1647 1345 1702 humanitus
1373 1664 1684 1719 perpessus
1744 1653 1856 1714 est,
1890 1651 2063 1718 atque

418 1751 486 1788 ea
516 1735 571 1789 in
607 1736 826 1807 synodo
885 1753 1060 1806 quam
1097 1736 1379 1792 Eusebius
1407 1735 1870 1792 Nicomediensis
1923 1739 2059 1790 Hie-

2169 566 2518 636 suifragatus
2548 567 2655 620 est.
2688 564 2877 633 Atque
2905 563 2978 618 de
3015 562 3230 632 Cyrillo
3261 563 3577 619 hactenus.

2821 687 2978 744 CAP.
3006 687 3148 746 XVI.

2173 796 2244 850 De
2315 795 2629 851 Macedonii
2691 793 3288 866 Constantinopolitani
3339 793 3582 866 episcopi
3629 795 3833 849 crimi-

2239 866 2422 934 nibus,
2453 872 2506 922 et
2535 866 2685 923 cwde
2713 869 2823 920 tam
2861 866 3266 922 Catholicorum
3294 882 3462 936 quam
3485 867 3829 921 Arianorum

2237 938 2306 994 ob
2334 954 2510 993 sacrae
2561 938 2911 1008 imperatoris
2964 937 3315 993 Constantini
3343 953 3520 1008 capsa
3581 939 3829 994 transla-

2240 1012 2441 1065 tionem
2475 1012 2592 1080 ipso
2621 1013 2683 1064 in
2711 1010 2914 1080 tempto
2941 1017 3150 1066 exorta.

2239 1117 2610 1172 Macedonius
2651 1120 2847 1171 autem
2881 1114 3472 1186 Constantinopoleos
3510 1115 3829 1188 episcopus

2170 1221 2306 1260 reus
2336 1205 2551 1261 idcirco
2571 1205 2963 1272 deferebatur,
2997 1205 3136 1276 quia
3167 1203 3468 1260 Eleusium
3501 1207 3821 1276 quemdam

2169 1303 2222 1349 et
2251 1294 2675 1349 Marathonium
2708 1293 2945 1350 sceleris
2994 1299 3291 1349 consortes
3341 1293 3651 1358 habuerat,
3673 1311 3824 1366 quo-

2173 1399 2300 1437 rum
2337 1397 2512 1453 opera
2540 1383 2973 1438 Homousianos
3030 1383 3308 1438 infestare
3339 1388 3558 1453 posset.
3611 1383 3827 1440 Eorum

2171 1474 2408 1544 quidem
2439 1471 2688 1528 alterum
2721 1488 2788 1528 ex
2819 1471 3054 1543 publico
3088 1471 3342 1526 militum
3375 1471 3829 1542 provincialium

2172 1560 2526 1619 calculatore
2554 1561 2866 1617 diaconum
2900 1561 3132 1628 fecerat,
3179 1560 3572 1632 cmnobiisque
3615 1577 3832 1616 mona-

2173 1653 2412 1707 chorum
2445 1660 2500 1706 et
2531 1649 2896 1718 monialium,
2931 1655 3105 1720 atque
3136 1649 3590 1721 ptochotrophiis
3621 1656 3680 1705 et
3712 1667 3830 1704 no-

2173 1741 2448 1796 socomiis
2480 1742 2831 1812 praefecerat,
2866 1738 3082 1811 quippe
3111 1738 3213 1810 qui
3246 1737 3570 1793 divitiarum
3621 1755 3825 1809 quan-

417 1823 704 1894 rosolyma
727 1831 1164 1892 convocaverat,
1198 1841 1313 1896 quo
1344 1831 1604 1896 tempore
1635 1825 1864 1881 Maximi
1903 1843 2062 1880 mar-
2095 1856 2140 1921 Β
2175 1837 2292 1884 tum
2321 1829 2465 1884 satis
2495 1833 2620 1883 erat
2650 1828 2722 1882 ab
2751 1828 3005 1882 exercitu
3027 1827 3136 1882 sibi
3167 1834 3586 1896 comparasset.
3616 1826 3830 1882 Postea

419 1914 552 1984 tyrii
595 1914 859 1968 Encaania
889 1914 1178 1968 celebrata
1209 1919 1366 1982 sunt,
1393 1915 1693 1970 Athanasii
1743 1915 1936 1986 Magni
1959 1916 2060 1969 de-

425 2002 702 2073 positioni
746 2003 1116 2071 subscripsit.
1144 2008 1350 2058 Postea
1383 2019 1512 2059 vero
1543 2005 1735 2075 topica
1768 2020 1867 2058 seu
1895 2003 2064 2059 locali

424 2093 645 2164 synodo
659 2093 985 2146 Sardicensi
1001 2098 1343 2158 coacta,una
1357 2109 1488 2147 cum
1506 2109 1570 2148 eo
1586 2094 2062 2150 communicavit.

495 2182 624 2237 Jam
659 2187 788 2252 post
845 2181 1164 2237 Constantii
1201 2183 1448 2248 obitum,
1482 2183 1581 2253 qui
1614 2183 1685 2238 ab
1718 2182 1920 2239 Acacio
1953 2183 2064 2238 Eu-

424 2271 567 2326 sebii
603 2269 893 2342 Pamphili
951 2287 1305 2334 successore,
1338 2274 1576 2342 ejusque
1615 2273 1904 2337 Caesareae,
1937 2289 2066 2344 quae

423 2360 479 2414 in
514 2360 823 2414 Palaestina
853 2364 962 2427 est,
1020 2359 1314 2430 episcopo,
1349 2377 1452 2416 nec
1487 2377 1600 2415 non
1655 2377 1685 2415 e
1732 2361 2066 2432 Patmphilo

423 2448 904 2519 ScythOpolitano
964 2449 1218 2514 stabant,
1251 2449 1303 2504 ei
1334 2451 1673 2519 objecerunt
1702 2451 1856 2518 quod
1889 2466 2062 2520 quem

428 2538 591 2608 prius
647 2538 1017 2607 deposuerat,
1063 2555 1196 2593 eum
1231 2543 1428 2609 postea
1461 2539 1821 2610 pmnitudine
1853 2541 2066 2595 ductus

427 2631 771 2682 revocasset.

499 2720 581 2770 Ea
610 2731 746 2787 ergo
773 2717 842 2771 de
901 2732 1078 2773 causa
1118 2717 1434 2773 Maximum
1469 2718 1806 2790 episcopatu
1849 2718 2069 2788 dejece-

433 2812 592 2873 runt,
651 2805 1071 2878 Cy'rillumquo,
1129 2807 1222 2875 qui
1285 2807 1550 2878 ejusdem
1592 2824 1724 2862 cum
1773 2807 1918 2878 ipsis
1952 2807 2070 2861 haz-

429 2912 622 2952 reseos
681 2913 916 2952 consors
961 2896 1010 2952 si
1072 2913 1185 2952 non
1243 2902 1420 2962 esset,
1477 2897 1680 2953 saltem
1738 2898 2069 2984 haberetur,

429 2987 776 3041 asciverunt.
838 2985 942 3043 Hic
973 2987 1043 3042 de
1076 2987 1328 3057 primatu
1367 3003 1498 3042 cum
1537 2986 1808 3059 praedicto
1865 2987 2071 3042 Acacio

431 3076 749 3140 contendit,
787 3075 906 3130 viro
939 3077 1251 3132 verborum
1295 3077 1919 3148 elegantia,rerumque
1939 3091 2071 3148 gra-

431 3169 608 3223 vitate
652 3167 989 3239 percelebri,
1017 3175 1075 3226 et
1105 3169 1202 3241 qui
1233 3187 1297 3225 ea
1330 3169 1736 3239 consultaneo,
1786 3186 1913 3240 quae
1944 3169 2074 3225 aliis

2177 1933 2308 1973 vero
2339 1918 2409 1971 ad
2442 1916 2790 1972 Nicomediae
2820 1916 3222 1987 episcopatum
3257 1922 3642 1985 promoverat.

2249 2006 2478 2061 Eleusio
2509 2009 2728 2074 autem,
2777 2004 2878 2075 qui
2918 2020 3033 2058 non
3091 2003 3394 2059 instrenuo
3450 2004 3832 2074 imperatoris

2176 2093 2451 2149 comitatu
2485 2093 2818 2160 militasset,
2863 2091 3052 2164 Cyzici
3099 2091 3506 2162 episcopatum
3555 2092 3828 2147 donarat.

2177 2183 2252 2238 Ex
2281 2198 2397 2253 quo
2427 2181 2634 2251 evenit,
2670 2189 2728 2235 ut
2772 2179 2947 2236 malis
2978 2179 3307 2234 innumeris
3365 2179 3706 2235 Novatianos
3734 2180 3826 2234 af-

2177 2270 2498 2339 ﬂictaverit,
2522 2287 2670 2342 quos
2697 2269 2757 2324 in
2784 2269 2989 2341 primis
3019 2269 3056 2323 ii
3079 2277 3216 2324 sunt
3238 2269 3516 2340 aggressi,
3536 2271 3635 2339 qui
3660 2268 3826 2324 Han-

2178 2361 2433 2426 tinaeum,
2463 2359 2573 2414 hoc
2605 2364 2697 2414 est
2728 2359 3024 2413 Ponticam
3057 2357 3418 2424 Heracleam,
3453 2356 3828 2428 reliquasque

2179 2447 2588 2520 Paphlagonia:
2619 2453 2812 2520 partes
2841 2446 3194 2502 incolebant.
3230 2446 3370 2516 Ejus
3392 2447 3549 2502 enim
3581 2447 3834 2502 consilio

2180 2539 2396 2594 milites
2429 2539 2637 2594 armati
2667 2538 2740 2593 ab
2773 2537 3125 2608 imperatore
3158 2536 3321 2592 missi
3354 2540 3518 2604 sunt,
3565 2540 3670 2608 qui
3705 2535 3839 2592 illos

2178 2625 2876 2693 admirantum-Quocirca
2935 2624 3166 2682 collatis
3217 2623 3490 2696 utrinque
3533 2625 3840 2691 manibus,

2183 2717 2453 2791 permulti
2485 2717 2761 2789 utrinque
2791 2716 3146 2772 ceciderunt.

2254 2808 2327 2862 Ad
2362 2807 2484 2862 haec
2512 2803 2893 2878 reliquiarum
2928 2806 3126 2877 magni
3159 2802 3320 2859 illius
3351 2803 3408 2856 in
3455 2802 3844 2873 imperatoris

2180 2894 2549 2954 Constantini
2605 2910 2867 2966 capsam,
2901 2911 3015 2949 non
3089 2893 3215 2947 sine
3279 2893 3468 2948 multa
3526 2891 3845 2963 sanguinis

2182 2984 2485 3050 eil'usione,
2517 2983 2577 3038 in
2595 2985 2782 3040 sancti
2804 2983 3077 3054 martyris
3099 2981 3291 3038 Acacii
3321 2979 3636 3036 basilicam
3660 2987 3847 3036 trans-

2185 3075 2334 3140 tulit,
2393 3072 2678 3144 templum
2739 3073 2798 3127 in
2857 3088 2975 3144 quo
3033 3072 3286 3143 reposita
3343 3070 3544 3134 fuerit,
3603 3070 3840 3126 ruinam

2189 3163 2398 3218 minari
2449 3165 2744 3218 causatus.
2799 3160 3250 3216 Reluctantibus
3277 3159 3433 3214 enim
3495 3158 3840 3224 Catholicis,

436 3260 629 3313 minus
659 3259 830 3314 obvia
877 3265 1096 3325 essent,
1147 3260 1315 3316 facile
1376 3261 1748 3332 perspiceret,
1807 3260 2075 3314 omnium
2106 3223 2150 3289 θ
2191 3270 2295 3308 nec
2324 3269 2558 3323 capsum
2593 3251 2717 3308 loco
2752 3252 3097 3307 movendam
3129 3266 3260 3306 esse
3303 3249 3839 3314 conclamantibus,

436 3348 1004 3416 perspicacissimus,
1067 3349 1586 3420 conjectandisque
1646 3348 1895 3404 aliorum
1945 3363 2076 3404 sen-

436 3434 636 3486 tentiis
673 3435 1018 3504 peridoneus
1051 3452 1063 3491 :
1098 3439 1198 3507 qui
1253 3437 1504 3508 denique
1537 3438 1809 3508 quamvis
1851 3437 2078 3492 nullum

437 3538 554 3576 non
589 3527 844 3578 moveret
875 3522 1150 3594 lapidem,
1185 3541 1301 3594 quo
1335 3543 1367 3579 a
1398 3542 1460 3580 se
1489 3525 1699 3580 callida
1729 3525 2082 3581 adversario-

439 3626 569 3664 rum
602 3610 869 3678 consilia,
903 3610 1295 3684 subdolasque
1328 3612 1570 3668 technas
1601 3612 1957 3676 amoliretur,
1984 3629 2081 3668 eos

438 3703 634 3754 tamen
671 3699 914 3766 placidis
941 3693 1690 3772 oculis,nullamqueprzese
1718 3701 2081 3756 iracundiam

443 3789 758 3844 ferentibus
790 3789 1130 3845 intuebatur
1163 3807 1178 3858 ;
1223 3794 1280 3844 et
1309 3791 1658 3846 adversariis
1715 3790 2085 3847 convicianti-

442 3878 553 3934 bus
581 3877 923 3933 assimulata
955 3879 1208 3950 quadam
1243 3880 1522 3950 patientia
1553 3879 1798 3950 ridebat,
1815 3897 1878 3934 ac
1902 3879 1950 3935 si
1982 3879 2084 3936 lm-

441 3965 622 4022 doriis
652 3974 705 4022 et
734 3967 1102 4022 contumeliis
1137 3967 1316 4024 nullis
1348 3973 1691 4024 moveretur.

513 4065 1606 4136 Primatusitaqueambitioinimicitiis
1628 4083 1754 4137 quae
1775 4066 2082 4122 interAca-

439 4151 594 4206 cium
627 4158 685 4206 et
713 4152 994 4224 Cyrillum
1029 4159 1393 4220 exarserunt,
1429 4170 1632 4209 ansam
1663 4154 2082 4225 prmbuit.Cum

441 4245 634 4295 autem
669 4240 860 4296 Acacii
919 4242 1236 4297 ambitione
1287 4258 1379 4298 res
1428 4249 1745 4312 gereretur,
1804 4243 2085 4298 (Elienses

440 4329 715 4400 Cyrillum
749 4337 1123 4396 accusarunt,
1146 4331 1299 4402 quod
1333 4347 1466 4386 cum
1495 4331 1675 4386 fames
1697 4338 2084 4402 grassaretur,

442 4419 538 4474 ille
595 4435 911 4492 pauperum
975 4425 1248 4490 praetextu
1281 4436 1448 4475 sacra
1478 4420 1730 4475 clinodia
1782 4424 2087 4490 vestesque

442 4509 695 4563 auctioni
730 4509 1373 4580 exposuisset,quarum
1408 4509 1723 4565 nonnullas
1763 4509 2088 4581 negotiator

2191 3343 2466 3414 idemque
2494 3341 2604 3396 hoc
2634 3357 2784 3410 esse,
2817 3357 2882 3396 ac
2915 3341 2962 3396 si
2996 3339 3290 3394 tumulum
3323 3339 3587 3406 effodiat,
3629 3355 3848 3410 magna

2191 3431 2466 3502 utrinque
2494 3431 2685 3486 credes
2714 3435 2911 3485 exorta
2936 3433 3046 3484 est:
3071 3431 3276 3500 utipsa
3296 3428 3469 3483 etiam
3493 3429 3652 3482 aedes
3676 3428 3845 3482 beato

2192 3521 2425 3592 martyri
2457 3537 2642 3586 sacra,
2667 3520 2914 3590 ejusque
2936 3517 3216 3582 ambitus,
3239 3533 3443 3572 cruore
3469 3517 3842 3572 redundaret.

2829 3642 2981 3698 CAP.
3033 3641 3201 3697 XVII.

2196 3756 2265 3809 De
2311 3752 2650 3808 Ariminensi
2700 3753 3070 3822 episcoporum
3114 3748 3544 3822 quadringentis
3587 3748 3840 3822 pinnis»:

2263 3824 2489 3895 synodo,
2521 3819 2964 3894 confessionequc
2994 3819 3220 3895 ﬁdei'ao
3250 3819 3472 3895 Ariani;
3496 3819 3637 3895 apud
3663 3820 3832 3872 Nicen

2271 3891 2527 3952 Thracia
2545 3896 2772 3964 conﬁcta
2797 3900 2848 3949 et
2868 3891 2976 3965 'pro
3004 3909 3133 3948 vera
3151 3893 3386 3948 Νἰσωηα
3409 3891 3678 3960 Bithyniae
3705 3905 3838 3958 sup-

2264 3967 2459 4039 posita.

2268 4072 2486 4143 Duplex
2515 4071 2716 4145 igitur.
2751 4077 2815 4127 ut
2838 4072 2960 4143 jam
2995 4070 3218 4138 monui,
3243 4069 3380 4124 coiit
3409 4069 3695 4138 synodus:
3722 4065 3854 4122 Ari-

2197 4163 2339 4217 mini
2391 4162 2652 4233 quidem,
2689 4167 2750 4216 ut
2801 4161 2870 4216 de
2927 4161 3322 4232 dogmatibus,
3377 4158 3660 4213 Seleuciae
3701 4173 3853 4222 vero,

2199 4259 2254 4306 ut
2289 4252 2360 4305 de
2380 4253 2788 4322 episcOporum
2813 4248 3326 4304 criminationibus
3366 4251 3856 4317 cognosceretur.

2197 4340 2361 4394 Prior
2417 4341 2614 4412 itaque
2655 4339 3044 4395 Ariminensis
3099 4345 3451 4409 congregata
3497 4343 3610 4403 est,
3644 4353 3860 4392 conve-

2199 4435 2530 4500 nerantque
2559 4429 2961 4485 Occidentales
3004 4429 3258 4500 episcopi
3321 4426 3520 4498 plures
3570 4426 3864 4498 quadrin-

2197 4519 2408 4591 gentis.
2445 4518 2726 4583 Quocirca
2769 4517 2986 4572 Valens
3021 4517 3349 4589 Ligepouis,
3384 4515 3669 4570 Ursacius
3702 4519 3857 4568 Mur-

442 4598 677 4667 quidam
737 4601 1036 4668 coemptas
1090 4597 1414 4670 thymelice
1445 4599 1678 4653 cuidam
1712 4614 1812 4652 seu
1847 4597 2087 4654 scenica?
2117 4596 2163 4660 D
2195 4619 2292 4670 sae,
2329 4602 2664 4658 Germinius
2722 4601 2944 4670 Sirmii,
3002 4602 3327 4656 Auxentius
3363 4599 3860 4661 Mediolanorum,

445 4685 676 4740 mulieri
706 4685 1090 4742 vendidisset.
1142 4687 1529 4742 Tbeodoritus
1567 4703 1738 4758 porro
1770 4693 1970 4743 auctor
1999 4693 2090 4744 est

441 4772 784 4844 huiusmodi
810 4781 1022 4828 vestem
1057 4773 1307 4828 Macario
1331 4773 1868 4845 Hierosolymorum
1890 4775 1962 4828 ab
1983 4774 2084 4830 im-

439 4868 704 4936 peratore
733 4862 1117 4918 Constantino
1151 4863 1432 4917 donatum
1472 4862 1673 4930 fuisse,
1704 4879 1819 4934 qua
1851 4879 1970 4918 rem
2000 4881 2091 4920 sa-

446 4969 600 5008 cram
639 4951 857 5008 faciens
908 4956 1186 5017 uteretur,
1221 4968 1325 5006 nec
1357 4969 1390 5006 a
1415 4951 1646 5008 scenica
1671 4951 1935 5022 muliere,
1986 4955 2090 5009 sed

445 5042 740 5114 quondam
771 5042 1036 5112 ejusdem
1069 5041 1205 5096 artis
1235 5042 1358 5097 viro
1382 5047 1778 5113 comparatam
1816 5044 2016 5098 fuisse.

517 5134 859 5190 Convocatis
885 5147 1022 5204 ergo
1062 5132 1330 5188 ﬁnitimis
1367 5133 1657 5204 episcopis
1686 5133 1934 5189 Aeacius
1984 5135 2090 5207 Cy-

446 5223 639 5278 rillum
676 5224 732 5278 in
760 5225 862 5294 jus
884 5223 1108 5277 vocavit
1141 5238 1154 5276 :
1206 5237 1404 5292 quem,
1467 5222 1604 5292 quia
1663 5237 1814 5292 saepe
1853 5229 2092 5279 vocatus

445 5329 560 5367 non
591 5311 1042 5384 comparuisset,
1068 5309 1601 5382 deposuerunt.Hic
1625 5319 1817 5365 autem
1852 5309 2012 5367 solus
2033 5311 2090 5366 id

443 5403 749 5471 temporis,
804 5409 864 5457 et
891 5401 1114 5470 primus
1159 5405 1370 5472 praeter
1399 5399 1863 5456 ecclesiasticum
1917 5418 2096 5456 cano-

451 5503 576 5542 nem
606 5489 1014 5560 appellationis
1035 5491 1105 5546 ad
1139 5490 1438 5563 publicum
1472 5493 1664 5545 forum
1698 5507 1935 5557 memor,
1967 5492 2040 5547 iis
2063 5509 2097 5547 a

447 5576 661 5644 quibus
713 5579 1014 5647 depositus
1074 5583 1284 5646 fuerat,
1349 5579 1773 5650 provocationis
1827 5579 2093 5636 libellum

453 5662 636 5727 misit,
659 5667 717 5714 et.
748 5663 820 5714 ad
850 5665 1045 5730 majus
1075 5665 1331 5720 tribunal
1367 5666 1716 5736 provocavit.
1747 5668 1929 5737 Cujus
1960 5669 2097 5740 quis

2197 4697 2253 4748 et
2287 4691 2662 4762 Demophilus
2692 4691 2974 4746 Berrhmze
3008 4691 3064 4746 in
3119 4690 3374 4745 medium
3411 4689 3744 4760 progressi,
3773 4688 3862 4742 Fi-

2197 4781 2343 4836 lium
2383 4780 2532 4834 Patri
2561 4776 2780 4851 ὅμοιον,
2811 4797 2914 4835 seu
2947 4779 3222 4846 similem,
3257 4794 3384 4834 esse
3433 4779 3765 4832 dicendum
3797 4793 3865 4831 ex

2200 4866 2634 4937 Scripturarum
2659 4865 2992 4936 prtescripto
3014 4868 3392 4920 censuerunt.
3411 4859 3864 4926 Οὐσίαςιυὶεω,

2199 4955 2565 5021 substantias,
2617 4954 2714 5009 ubi
2773 4955 2845 5009 de
2906 4954 3028 5009 Deo
3087 4952 3305 5024 agitur,
3359 4949 3586 5006 nullam
3621 4967 3870 5022 prorsus

2203 5044 2526 5099 faciendam
2595 5060 2723 5098 esse
2799 5042 3152 5098 mentionem
3226 5046 3634 5095 asseruerunt.
3709 5043 3868 5106 Quos

2202 5135 2437 5205 quidem
2470 5149 2540 5189 ea
2568 5133 2625 5187 in
2660 5133 3010 5188 sententiam
3037 5129 3336 5186 mordicus
3367 5131 3744 5199 insistentes,
3775 5151 3868 5206 sy-

2204 5224 2391 5279 nodus
2423 5221 2522 5277 illa
2580 5221 2871 5293 deposuit,
2931 5225 3107 5291 atque
3138 5221 3207 5274 ad
3270 5220 3709 5290 imperatorem,
3767 5225 3874 5294 qui

2204 5328 2307 5385 per
2340 5310 2398 5366 id
2429 5317 2664 5382 tempus
2698 5309 2896 5364 Sirmii
2930 5316 3075 5377 erat,
3107 5306 3333 5379 legatos
3364 5308 3552 5374 misit,
3597 5312 3704 5377 qui
3733 5327 3868 5366 eum

2206 5403 2278 5457 de
2308 5401 2483 5455 rebus
2515 5401 2573 5454 in
2607 5399 2831 5472 synodo
2861 5400 3044 5468 gestis
3101 5397 3406 5452 certiorem
3442 5399 3731 5455 facerent.
3765 5401 3874 5465 Qui

2207 5491 2456 5561 depositi
2484 5489 2732 5554 fuerant,
2764 5488 3010 5544 moleste
3066 5487 3121 5541 id
3157 5489 3424 5555 ferentes,
3461 5485 3690 5557 legatos
3726 5507 3872 5560 pre-

2210 5578 2971 5650 venerunt,imperatorique
2999 5577 3210 5648 synodi
3252 5581 3383 5630 acta
3411 5579 3872 5634 renuntiarunt:

2207 5673 2264 5724 et
2292 5684 2448 5738 eum,
2480 5667 2582 5738 qui
2615 5665 2831 5722 Ariano
2860 5665 3119 5738 dogmati
3174 5665 3410 5735 faveret,
3443 5678 3651 5722 contra
3685 5684 3870 5740 syno-
