4058 6212
248 358 399 417 1377

1595 364 1997 427 THESAUR]
2047 365 2190 430 LIB.
2240 372 2315 433 ν.

3511 398 3665 459 1378

245 491 388 545 dum
421 494 847 560 exasperarunt
881 507 895 546 :
929 495 1104 563 atque
1130 492 1212 549 ita
1257 492 1476 566 legatos
1524 498 1652 565 ejus
1701 514 1761 553 re
1807 498 1900 556 in-
1931 507 1981 573 Α
2013 518 2144 559 vero
2176 522 2293 563 non
2325 507 2464 565 item
2492 527 2505 566 :
2539 530 2665 584 quis
2697 531 2831 572 cum
2864 524 3174 594 utramque
3200 525 3259 580 in
3294 536 3513 599 partem
3548 535 3664 604 agi-

251 584 390 604 ι..-ι..
427 579 644 604 ..-Μὴ-ει
702 579 978 604 Π..,--ε.--
1018 597 1143 604 -__-
1206 581 1309 604 L_-
1337 582 1528 604 η--ᾼι2
1590 602 1668 604 ν,
1805 588 1839 604 ι.
2023 597 2033 604 .
2192 599 2200 604 .
2355 598 2392 604 -.
2468 600 2478 604 -

247 584 396 643 [ecta
427 579 671 633 remisit.
702 579 979 636 Ursacius
1013 597 1171 651 ergo,
1205 581 1312 637 hac
1336 582 1566 640 licentia
1586 588 1905 658 proposita,

245 672 301 725 in
332 671 611 741 oppidum
641 662 901 727 Thracia:
936 674 1173 729 nomine
1204 674 1382 731 Nicen
1434 680 1712 747 pervenit,
1776 681 1906 735 Ari-

246 761 643 830 minensisque
675 760 805 816 ﬁdei
842 762 1263 833 expositionem
1297 765 1355 818 in
1389 764 1648 821 Graecum
1693 768 1908 824 idioma

247 849 629 915 transfusam,
662 849 874 905 deinde
906 852 1406 908 subadulteratam
1454 859 1512 908 et
1563 863 1904 929 corruptam

248 934 333 990 ita
362 934 418 989 in
455 935 665 1007 vulgus
697 937 913 1003 emisit,
960 954 1025 993 ac
1069 938 1116 992 si
1171 940 1243 993 ab
1295 941 1608 996 universali
1660 945 1903 1013 synodo,

248 1040 374 1094 quae
409 1023 606 1080 Nicem
638 1025 1033 1094 convenisset,
1078 1027 1568 1097 proficisceretur,
1626 1031 1907 1088 similitu-

246 1113 382 1167 dine
441 1114 699 1169 nominis
758 1115 1220 1183 simplicioribus
1286 1122 1344 1171 et
1416 1119 1752 1175 rudioribus
1840 1138 1905 1177 os

246 1200 507 1256 oblinere
538 1207 807 1268 conatus,
838 1219 965 1257 eam
996 1219 1127 1259 esse
1168 1205 1298 1259 ﬁdei
1350 1207 1772 1277 expositionem
1816 1227 1904 1266 re-

245 1289 562 1360 putaturis,
596 1305 724 1360 quae
756 1291 909 1361 apud
941 1289 1221 1363 Bithynia:
1249 1293 1493 1350 Nicaeam
1524 1296 1679 1352 edita
1726 1304 1902 1355 esset-

316 1378 459 1433 Cum
496 1384 688 1434 autem
718 1381 1006 1452 synodum
1065 1386 1184 1438 tam
1237 1385 1511 1440 duturnae
1570 1388 1721 1458 apud
1778 1390 1902 1445 Ari-

244 1466 472 1533 minum
521 1484 682 1522 more
727 1469 852 1539 jam
905 1470 1164 1539 taederet,
1218 1472 1355 1544 quia
1406 1475 1722 1545 imperator
1773 1494 1901 1533 eam

236 1571 521 1625 responso
553 1558 826 1627 dignatus
860 1576 973 1614 non
1003 1560 1212 1630 fuerat,
1246 1563 1284 1617 ii
1335 1565 1435 1634 qui
1470 1563 1679 1618 Filium
1747 1567 1901 1619 Patri

241 1640 467 1714 ὅμοιον,
502 1661 604 1699 seu
646 1645 926 1713 similem,
986 1648 1432 1720 proﬁtebantur,
1493 1654 1686 1708 nescio
1757 1670 1903 1725 quos

245 1733 670 1802 submiserunt,
731 1738 831 1806 qui
890 1752 1023 1791 cum
1098 1738 1363 1795 Patribus
1437 1741 1901 1799 Ariminensibus

2017 597 2302 664 terentur,
2337 598 2584 656 dimissa
2613 609 2703 659 est
2730 608 3005 676 synodus.

2089 682 2367 741 Cmterum
2402 692 2674 747 Acaciani
2703 711 2837 751 cum
2885 697 2957 754 iis
3004 717 3037 755 a
3085 703 3294 772 quibus
3357 708 3663 768 dissentie-

2019 769 2176 839 bant,
2212 772 2452 833 ulterius
2492 782 2792 839 considere
2825 769 3153 849 noluerunt.
3179 793 3662 872 Quapropterfilli

2016 866 2350 934 congregati
2382 868 2658 925 Acacium
2680 878 2735 926 et
2751 875 2875 945 ejus
2896 886 3195 936 consortes
3218 866 3611 955 deposuerunt
3645 910 3657 947 :

2016 946 2165 1003 inter
2205 966 2354 1021 quos
2415 962 2540 1012 erat
2590 958 2879 1019 Eudoxius
2927 967 3267 1037 Antiochiae,
3295 946 3443 1030 iloco
3492 979 3660 1049 cujus

2015 1037 2311 1096 Adrianus
2379 1044 2466 1099 vel
2545 1048 2827 1119 Abianus,
2906 1057 3246 1116 Antiocheni
3320 1063 3454 1119 cieri
3528 1037 3659 1138 pre-

2015 1127 2231 1197 sbyter,
2265 1132 2544 1191 suffectus
2573 1142 2662 1192 est
2702 1156 2715 1194 :
2750 1140 2851 1211 qui
2905 1146 3209 1203 confestim
3270 1167 3303 1206 a
3365 1127 3547 1209 Leonti
3602 1162 3659 1212 et

2017 1213 2276 1274 Lauricio
2312 1220 2370 1275 in
2403 1223 2669 1281 exsilium
2703 1231 2922 1286 missus
2955 1241 3060 1290 est.

2654 1318 2809 1373 CAP.
2859 1322 3017 1378 XIX.

2016 1393 2366 1482 Consmiilius
2396 1401 2693 1482 imperawr
2736 1410 2891 1465 Aetio
2950 1413 3404 1475 Anomwanorum
3477 1423 3659 1482 haem-

2082 1467 2301 1524 siarcha
2324 1474 2381 1525 in
2407 1467 2840 1548 exsiliumacto,
2873 1467 3212 1542 Ariminensi
3239 1491 3369 1560 ﬁdei
3404 1467 3656 1563 prowNi-

2083 1573 2235 1611 mna
2263 1565 2558 1641 suppositae
2587 1568 2950 1641 subscribens,
2982 1575 3381 1636 Aeacianorum
3414 1586 3655 1641 Homceuo

2082 1643 2279 1684 norum
2310 1631 2559 1691 haeresim
2587 1641 2879 1707 amplexus
2917 1631 3011 1699 est.

2082 1712 2225 1770 Cum
2257 1728 2450 1775 autem
2483 1725 2858 1784 Constantius
2908 1739 3223 1803 imperator
3270 1741 3341 1795 ab
3391 1742 3660 1801 Occiduis

246 1821 672 1893 consultarent,
708 1803 988 1896 tanquam
1030 1827 1337 1899 indignum
1368 1837 1542 1896 esset,
1601 1836 1664 1885 ut
1721 1832 1899 1888 unius
1928 1853 1975 1917 Β
2012 1803 2278 1917 piam"?
2310 1806 2871 1917 ϐοθδιίῗηίίηορῗητη
2935 1822 3218 1917 “Elissa:
3284 1831 3657 1904 Primumque

241 1908 497 1965 nominis
526 1927 688 1983 ergo,
721 1913 999 1969 nimirum
1035 1913 1243 1986 οὐσίας,
1276 1933 1378 1973 seu
1431 1920 1797 1989 substantias,
1863 1938 1897 1976 ι

234 1997 419 2053 totius
472 2000 631 2056 orbis
690 2004 1097 2059 sacerdotibus
1174 2006 1551 2063 dissiderent.
1637 2010 1892 2073 Quorum

233 2090 455 2144 ratione
484 2090 719 2146 adducti
754 2092 949 2148 Patres
982 2093 1405 2164 Ariminenses,
1460 2098 1743 2169 scriptum
1776 2098 1894 2153 col-

232 2176 547 2233 laudarunt
578 2180 735 2249 quod
772 2181 1048 2237 Ursaeius
1083 2188 1313 2254 Murem,
1342 2189 1398 2240 et
1416 2184 1758 2242 Germinius
1778 2188 1893 2242 Sir-

233 2265 337 2319 mii
369 2266 754 2323 elaborarent.
791 2270 898 2335 Qui
930 2272 1117 2341 veriti,
1152 2290 1223 2328 ne
1245 2274 1493 2330 secundi
1525 2293 1556 2329 a
1581 2277 1801 2347 synodo
1822 2277 1892 2332 ad

235 2353 645 2424 imperatorem
679 2357 845 2412 missi
878 2356 1076 2428 legati,
1101 2359 1153 2415 ei
1183 2361 1586 2432 explanarent,
1612 2382 1886 2436 quaenam

236 2439 647 2511 episcoporum
678 2442 1139 2501 Occidentalium
1171 2449 1244 2502 ab
1279 2449 1446 2504 initio
1471 2452 1776 2521 instantia,
1802 2470 1893 2507 su-

238 2528 499 2599 blatique
518 2530 799 2585 homousii
822 2548 1001 2588 causa
1015 2533 1242 2601 fuisset,
1260 2552 1358 2592 eos
1378 2537 1593 2595 hiemis
1611 2546 1892 2610 praetextu

240 2617 398 2685 apud
416 2617 678 2674 Thraciae
694 2619 871 2674 Nicen
895 2621 1295 2692 detinuerunt,
1335 2635 1892 2700 persuaseruntque,

243 2712 310 2760 ut
332 2709 485 2778 quod
514 2710 819 2765 ediderant
848 2713 1160 2782 scriptum,
1196 2717 1388 2773 Greece
1442 2719 1894 2792 interpretaren-

246 2800 361 2853 tur.
396 2798 516 2862 Quo
548 2797 722 2869 facto,
756 2816 889 2855 mox
938 2802 1009 2856 ad
1061 2803 1312 2860 Orientis
1359 2806 1664 2879 episcopos
1715 2812 1892 2866 mise-

239 2892 399 2939 runt.
424 2888 608 2958 Atque
626 2887 1000 2962 hacquidem
1025 2891 1180 2948 hunc
1199 2893 1256 2948 in
1282 2896 1524 2951 modum
1547 2903 1713 2970 gesta
1734 2904 1891 2957 sunt.

869 2998 1022 3054 CAP.
1056 3000 1261 3056 XV‘III.

242 3098 318 3153 De
341 3095 666 3180 Seleuciam
712 3110 927 3180 ceratam
972 3108 1264 3173 sexaginta
1311 3110 1692 3180 episcoporum
1738 3116 1891 3170 anti-

316 3170 541 3239 synodo,
575 3171 635 3225 in
665 3188 772 3243 qua
812 3170 1233 3232 Homazanoi'um
1279 3170 1349 3234 ab
1403 3170 1803 3239 Hoinaeusz'anis
1843 3193 1894 3241 et
1927 3201 1970 3268 ρ

326 3242 659 3268 ...ελννεηαηω-ἐ-
694 3255 828 3268 ---ιιι
866 3248 1041 3268 Αἰμέ--
1112 3259 1176 3268 ΔΑ.
1215 3267 1220 3268 ,
1286 3250 1334 3268 AA
1415 3254 1425 3263 ο
1653 3256 1695 3268 ο-

311 3242 659 3324 Αηοτηωαῃίδ
688 3255 828 3299 secta
859 3248 1043 3324 divisa
1099 3259 1176 3302 est
1200 3267 1227 3324 ,ᾖ
1266 3250 1596 3324 Acaciusque
1648 3256 1891 3313 Humwa-

308 3327 512 3368 norum
549 3315 668 3368 dux
692 3321 740 3369 et
769 3327 971 3372 auctor
999 3320 1058 3373 in
1104 3322 1368 3376 exsilium
1398 3315 1572 3379 actas.

318 3416 433 3473 Nec
461 3434 593 3474 vero
625 3420 702 3475 ita
744 3422 930 3479 multo
986 3431 1119 3496 post
1175 3428 1432 3501 episcopi
1481 3431 1710 3487 circiter
1758 3449 1893 3489 cen-

236 3513 367 3564 tum
402 3518 457 3565 et
487 3513 787 3582 sexaginta
816 3516 1137 3574 Seleuciam
1191 3520 1426 3577 Isauriae
1474 3530 1892 3594 convenerunt,

246 3596 465 3668 quibus
497 3616 560 3655 se
590 3602 859 3672 adjunxit
905 3606 1145 3676 quidam
1205 3610 1295 3663 vir
1350 3610 1620 3681 illustris,
1680 3618 1738 3669 et
1795 3618 1899 3687 qui

242 3686 496 3743 multum
513 3690 569 3743 in
594 3690 726 3746 aula
747 3691 1118 3763 imperatoria
1136 3701 1382 3768 poterat,
1400 3701 1630 3757 nomine
1654 3702 1896 3772 Leonas,

247 3783 304 3831 et
340 3776 640 3835 Lauricius
690 3783 1130 3852 provincialium
1192 3786 1440 3843 militum
1492 3790 1629 3860 dux,
1671 3793 1770 3862 qui
1827 3795 1898 3848 ab

243 3864 602 3936 imperatore
624 3870 834 3938 jussus
870 3874 1079 3940 fuerat,
1106 3876 1407 3945 suppetias
1430 3877 1632 3934 Leonte
1657 3882 1824 3949 ferre,
1848 3882 1899 3936 ei

242 3944 391 4027 opus
422 3963 595 4012 esset.
631 3958 695 4014 In
715 3961 907 4030 prima
926 3968 1120 4019 autem
1146 3965 1425 4035 sessione,
1452 3969 1598 4022 duas
1623 3970 1677 4023 in
1705 3975 1898 4040 partes

244 4050 484 4115 repente
534 4047 700 4103 divisi
726 4056 880 4105 sunt.
908 4053 1097 4124 Atque
1122 4054 1220 4108 uni
1248 4056 1480 4124 quidem
1499 4064 1742 4125 praeerat
1761 4060 1900 4113 Aca-

248 4134 380 4189 cius
418 4137 706 4206 Caisareaa,
766 4155 893 4209 quae
942 4139 1000 4194 in
1053 4141 1359 4197 Palestina
1406 4147 1513 4209 est,
1563 4145 1898 4216 episcopus,

249 4222 501 4295 ejusque
528 4232 845 4293 consortes,
878 4228 1109 4285 duobus
1140 4234 1197 4285 et
1238 4230 1476 4301 triginta
1525 4231 1765 4302 plures:
1814 4233 1899 4288 al-

250 4311 365 4366 teri
398 4318 589 4368 autem
630 4318 915 4389 Georgius
943 4318 1258 4386 Laodiceae,
1290 4335 1417 4389 quae
1463 4319 1520 4375 in
1570 4321 1733 4392 Syria
1788 4327 1896 4393 est,

252 4400 502 4472 ejusque
534 4410 858 4462 consortes.

321 4494 513 4563 Atque
544 4493 605 4548 hi
636 4495 875 4567 quidem
908 4496 967 4552 in
994 4497 1214 4553 caeteris
1241 4498 1509 4554 omnibus
1536 4500 1783 4557 Nicena
1815 4519 1904 4574 sy-

2005 1891 2147 1947 adeo
2205 1896 2335 1963 ejus
2384 1898 2547 1955 urbis
2609 1905 2933 1967 praafectum
2998 1911 3352 1975 Honoratum
3422 1925 3656 1979 nomine

2003 1983 2431 2052 constituisset,
2481 1993 2656 2060 atque
2717 1999 3186 2062 proconsultatus
3245 2009 3653 2079 magistratum

2006 2069 2681 2141 antiquasset,Acaciani
2713 2096 2780 2136 eo
2834 2101 3073 2156 propere
3132 2102 3433 2163 venerunt,
3479 2109 3531 2153 et
3586 2117 3656 2157 ex

2006 2158 2215 2215 aulicis
2247 2162 2396 2218 alios
2428 2167 2665 2236 quidem
2700 2188 2867 2229 suam
2901 2176 2960 2231 in
2988 2182 3339 2239 sententiam
3381 2188 3654 2255 pellectus

2004 2248 2116 2302 sibi
2139 2249 2540 2325 conciliantes,
2557 2256 2703 2314 alios
2726 2268 2922 2318 autem
2950 2265 3358 2329 ecclesiasticis
3379 2275 3549 2332 bonis
3576 2280 3653 2335 ita

2005 2345 2464 2406 corrumpentes,
2496 2341 2602 2398 hac
2633 2351 2754 2402 arte
2787 2349 2900 2404 sibi
2937 2353 3008 2407 ad
3058 2354 3429 2428 imperatoris
3485 2380 3652 2421 aurrs

2004 2423 2157 2479 viam
2207 2438 2581 2505 aperuerunt,
2643 2441 2817 2508 atque
2875 2458 2974 2498 eos
3030 2448 3132 2516 qui
3183 2448 3421 2508 diversae
3470 2456 3651 2525 partis

2006 2523 2166 2568 erant
2199 2517 2537 2577 calumniati
2569 2530 2744 2581 sunt:
2779 2544 3030 2600 quorum
3064 2535 3260 2593 decem
3293 2541 3363 2595 ad
3400 2517 3653 2613 impera-

2008 2609 2188 2658 torem
2248 2615 2547 2667 venerunt.
2608 2614 2830 2678 Quibus
2900 2627 3284 2691 praesentibus
3342 2647 3459 2687 una
3514 2650 3649 2690 cum

2006 2690 2201 2747 decem
2235 2693 2365 2752 aliis
2396 2699 2466 2753 ab
2496 2701 2849 2761 Ariminensi
2872 2714 3091 2781 synodo
3125 2716 3346 2784 missis,
3379 2721 3495 2777 imo
3518 2722 3649 2779 aliis

2005 2796 2229 2852 quoque
2266 2788 2405 2842 tunc
2438 2787 2494 2843 in
2529 2793 2661 2848 aula
2710 2795 2856 2853 forte
2906 2805 3296 2877 versantibus,
3350 2812 3651 2868 mandavit

2005 2868 2344 2942 imperator,
2382 2883 2444 2933 ut
2473 2897 2651 2953 super
2675 2886 2842 2943 Aetio
2873 2892 3299 2963 anquireretur.

2074 2957 2197 3020 Quo
2256 2963 2402 3020 facto
2462 2970 2654 3027 Aetius
2709 2957 2984 3048 quidem;
3029 2982 3129 3054 qui
3198 2985 3410 3043 Filium
3494 2990 3646 3045 Patri

2001 3043 2247 3119 νόμαιον,
2290 3069 2391 3109 seu
2426 3056 2772 3119 dissimilem
2825 3067 3224 3143 proﬁtebatur,
3285 3074 3341 3129 in
3374 3078 3643 3133 exsilium

2002 3137 2220 3204 ejectus
2253 3147 2360 3197 est.
2394 3146 2665 3204 Acaciani
2696 3160 2888 3209 autem
2922 3174 2991 3212 ex
3021 3137 3342 3232 composito
3371 3182 3489 3235 prae
3524 3184 3645 3222 me-

2011 3225 2309 3301 ditataque
2343 3233 2543 3292 fraude
2576 3240 2959 3314 perfecerunt,
2996 3252 3059 3302 ut
3092 3225 3225 3305 fidei
3256 3225 3535 3323 expositio
3568 3256 3653 3311 le-

2007 3321 2259 3386 geretur,
2293 3339 2420 3392 quaa
2451 3325 2714 3385 Arimino
2745 3331 2921 3388 allata
2954 3340 3158 3407 fuerat,
3193 3340 3247 3394 in
3292 3321 3407 3412 qua
3439 3360 3506 3397 ex
3537 3344 3653 3399 νας

2008 3402 2182 3460 lentis
2213 3412 2270 3463 et
2300 3408 2516 3467 Ursaeii
2549 3417 2799 3487 ambitu,
2830 3421 3128 3493 ὁμοουσίου
3146 3402 3394 3484 nomine
3441 3431 3655 3500 deleto,

2010 3490 2224 3564 ὅμοιον,
2257 3513 2360 3553 seu
2392 3500 2646 3560 similem
2673 3490 2998 3567 secundum
3021 3514 3353 3587 Scripturas
3393 3536 3660 3591 reposueo

2083 3674 2265 3737 Quam
2300 3676 2622 3751 imperator
2650 3702 2881 3759 quoque
2910 3690 3116 3747 lectam
3147 3696 3449 3765 amplexus
3469 3706 3573 3765 est,
3600 3703 3658 3752 et

2013 3772 2229 3833 quanta
2257 3776 2413 3824 esset
2447 3770 2548 3827 illa
2570 3779 2885 3844 praesulem
2936 3779 3269 3845 multitudo,
3312 3786 3409 3854 qui
3444 3786 3657 3840 Arimi-

2017 3868 2157 3907 num
2190 3865 2580 3914 convenerant
2611 3862 3097 3935 (quadringentos
3126 3870 3282 3924 enim
3316 3872 3496 3928 fuisse
3524 3892 3661 3945 prte-

2015 3943 2238 4007 monui,
2270 3959 2470 4000 secum
2499 3950 2802 4021 reputans)
2835 3968 2939 4008 nec
2969 3971 3031 4010 se
3059 3957 3464 4015 aberraturum
3522 3980 3654 4020 cau-

2014 4031 2199 4095 satus,
2233 4029 2283 4083 si
2314 4030 2527 4087 Filium
2560 4034 2711 4090 Patri
2744 4039 2995 4097 similem
3027 4060 3157 4101 esse
3212 4047 3447 4117 diceret,
3512 4069 3656 4123 pra:-

2013 4117 2217 4170 sertim
2278 4134 2409 4174 cum
2440 4126 2497 4176 et
2523 4119 2741 4197 ὅμοιον,
2799 4136 2856 4184 et
2912 4128 3250 4202 ὁμοιούσιον,
3284 4143 3339 4193 et
3369 4139 3654 4212 ὅμούσιον.

2013 4203 2168 4258 idem
2198 4205 2548 4276 signiﬁcent.
2581 4212 2725 4271 Cum
2756 4216 2954 4289 itaque
2982 4237 3050 4276 ea
3080 4222 3137 4278 in
3166 4230 3455 4284 sententia
3477 4239 3651 4299 esset,

2007 4294 2188 4364 jussit
2210 4298 2515 4371 episcopos
2539 4319 2720 4361 unum
2747 4308 3015 4381 idemque
3033 4316 3247 4372 sentire
3266 4335 3651 4388 supereorum

2015 4386 2400 4458 confessione,
2432 4391 2533 4461 qui
2565 4394 2637 4448 ad
2667 4396 2993 4457 Ariminum
3040 4386 3462 4464 convenerant:
3515 4414 3654 4468 sub-

2014 4473 2495 4551 scripseruntque
2525 4497 2657 4539 eum
2690 4484 2811 4557 alii,
2855 4491 2984 4545 tum
3033 4493 3228 4551 decem
3276 4496 3357 4551 illi
3409 4506 3503 4569 qui
3554 4502 3653 4558 Se-

248 4562 903 4640 nodoisubscribentes
962 4586 1198 4641 unicam
1257 4588 1530 4642 homousii
1587 4562 1982 4648 dictionem”
2015 4562 2698 4659 leuﬁiﬂﬁvenmvmnh
2734 4576 2874 4647 qni“
2922 4583 2982 4634 θι
3031 4581 3204 4640 Maris
3251 4585 3653 4659 Chalcedonia

251 4668 696 4741 improbabant,
754 4672 1189 4746 ὁμοιούσιονᾳυθ
1238 4675 1393 4733 Patri
1448 4675 1652 4733 Filium
1702 4679 1905 4736 dicen.

253 4755 400 4812 dum
433 4773 564 4815 esse
593 4762 1043 4831 proﬁtebantur.
1076 4763 1351 4819 Acaciani
1382 4780 1515 4821 vero
1544 4766 1603 4822 in
1634 4783 1704 4823 ea
1742 4774 1907 4827 erant

254 4844 488 4917 haeresi,
523 4852 586 4904 ut
614 4853 671 4905 et
699 4851 977 4907 homousio
1025 4856 1081 4908 et
1127 4855 1424 4910 homusio
1453 4869 1521 4910 ex
1578 4872 1745 4928 aequo
1816 4876 1908 4916 re-

240 4933 449 5004 jectis,
509 4940 788 5010 tanquam
855 4940 1231 5007 dictionibus,
1292 4958 1414 5011 qua:
1490 4961 1523 4999 a
1595 4946 1907 5018 Scripturis

250 5023 457 5080 aliene
486 5042 727 5097 prorsus
745 5030 1091 5097 essent,imo
1108 5032 1285 5086 etiam
1303 5030 1551 5104 ἂνομοίῳ
1581 5035 1905 5107 antiquato,

245 5112 465 5170 Filium
498 5114 650 5172 Patri
682 5115 1026 5189 ὅμοιον,εθιι
1046 5118 1300 5175 similem
1324 5122 1516 5192 palam
1560 5136 1904 5183 assererent.

250 5202 351 5258 Est
381 5204 563 5275 enim,
597 5209 662 5262 ut
690 5207 1007 5279 Apostolus
1037 5207 1253 5265 alicubi
1286 5214 1389 5277 ait,
1422 5213 1600 5283 imago
1631 5215 1730 5270 Dei
1757 5217 1875 5272 invi
1884 5246 1905 5259 -

251 5292 438 5349 sibilis
461 5294 529 5352 ³⁸.

330 5382 674 5455 Interrogati
703 5402 839 5442 vero
871 5390 1161 5458 quatenus
1191 5403 1323 5444 eum
1356 5388 1510 5443 Patri
1544 5389 1795 5446 similem
1818 5392 1905 5447 di-

243 5479 470 5544 cerent,
506 5473 812 5532 Voluptate
843 5475 990 5542 sola,
1038 5477 1510 5548 respondebant:
1572 5480 1904 5538 substantia

319 5634 369 5670 ³⁵
406 5635 626 5695 Coloss.
663 5656 704 5708 ι,
743 5638 831 5695 45.

2013 4658 2071 4743 et
2103 4653 2369 4743 Ulphilas
2415 4659 2679 4732 Gotthim,
2738 4670 3010 4737 quamvis
3069 4673 3229 4743 prius
3287 4693 3420 4733 cum
3471 4653 3657 4738 Theo;

2015 4741 2176 4813 philo
2206 4748 2467 4817 sentiret,
2502 4749 2559 4806 in
2604 4754 2774 4824 cujus
2817 4741 3221 4831 episcopatum
3270 4776 3652 4837 successerat,

2016 4831 2115 4902 qui
2147 4832 2381 4891 Nictena
2410 4835 2468 4892 in
2497 4842 2717 4913 synodo
2748 4860 3004 4914 prasens
3033 4850 3363 4922 scripserat.

2688 4930 2840 4988 CAP.
2872 4934 2982 4992 XX.

2018 5009 2439 5097 Quinquaginta
2458 5017 2699 5097 episcopi
2724 5021 2984 5079 Δαισίαηὶ
3019 5041 3115 5081 seu
3162 5032 3479 5097 Homaeani,
3512 5035 3650 5090 Ano-

2325 5084 2540 5167 udecim
2594 5084 2865 5171 episeopo:
2892 5170 2895 5171 ν
2922 5097 2986 5151 ob
3042 5102 3192 5153 certa
3224 5084 3656 5171 *quédah'fb'r'i-

2087 5154 2243 5208 mina
2265 5157 2451 5227 potius
2487 5154 2653 5230 quam
2681 5154 2932 5234 dog'mata
2965 5154 3342 5239 deposuerint:

2088 5239 2159 5295 Ut
2191 5242 2248 5297 in
2281 5259 2507 5299 summa
2535 5248 2751 5320 dicam,
2788 5254 3215 5329 quinquaginta
3242 5262 3499 5335 episcopi
3521 5281 3655 5321 cum

2017 5331 2224 5386 Acacio
2255 5330 2404 5387 hanc
2438 5333 2612 5393 fidem
2678 5342 3119 5417 confirmarunt,
3188 5330 3396 5407 deinde
3454 5369 3655 5410 eorum

2017 5417 2120 5490 qui
2152 5418 2476 5478 Seleuciam
2538 5438 2948 5500 convenerant,
3011 5437 3324 5495 nonnullos
3379 5441 3660 5514 deposue-

2020 5511 2199 5563 runt:
2236 5525 2348 5566 non
2380 5515 2536 5583 quod
2587 5532 2686 5572 eos
2739 5535 2913 5591 super
2968 5532 3335 5585 controverso
3392 5511 3664 5603 dogmate
