4090 6192
279 339 432 405 1381

1625 338 2029 411 THESAURI
2071 342 2223 410 LIB.
2270 342 2343 403 ν.

3541 345 3696 404 1382

279 469 549 529 subditos
583 487 697 530 non
716 471 843 529 sine
862 471 1178 531 calumniis
1208 472 1537 545 improbata
1559 474 1927 541 etdamnaia,
1960 480 2009 549 Α
2043 488 2175 533 cum
2226 472 2399 529 fratre
2451 471 2853 531 Valentiniano
2893 474 3136 533 Juniore
3220 474 3400 530 totius
3457 475 3691 547 imperii

282 578 486 619 omnes
558 562 866 633 episcopos
954 563 1025 623 ab
1110 564 1311 619 exsilio
1398 564 1649 623 revocari
1724 564 1926 636 jussit.

280 650 551 709 Revocati
586 661 717 706 sunt
752 667 888 723 ergo
922 668 1052 711 cum
1086 653 1209 723 alii,
1244 659 1365 709 tum
1400 655 1757 715 Athanasius
1797 653 1927 713 Aie-

277 742 626 809 xandrinus,
660 747 717 796 et
742 743 780 797 ii
811 743 908 815 qui
940 749 1173 815 propter
1211 762 1344 807 eum
1378 746 1435 803 in
1460 748 1681 819 synodo
1710 746 1928 805 Medio-

277 831 503 893 lanensi
568 831 835 887 exsulare
885 832 1041 903 jussi
1105 835 1350 899 fuerant,
1405 836 1558 897 inter
1614 853 1760 907 quos
1807 843 1929 895 erat

277 920 563 976 Eusebius
598 922 1011 988 Vercellarum,
1046 940 1171 995 quze
1231 925 1287 980 in
1351 925 1586 996 Liguria
1618 934 1774 993 sunt,
1808 926 1927 983 sive

280 1012 432 1081 apud
462 1009 690 1077 Ligules
719 1011 898 1069 Italian
952 1012 1216 1083 populos.
1270 1014 1412 1073 Item
1470 1014 1694 1077 Lucifer
1738 1014 1923 1075 Caral-

275 1098 466 1154 lcrum
484 1098 851 1165 Sardiniae,et
876 1100 1134 1157 Hilarius
1156 1102 1643 1175 Pictavarum,qui
1668 1104 1925 1161 seuuuda

281 1188 336 1245 in
368 1188 680 1258 Aquitania
712 1195 870 1249 sunt.

353 1279 553 1349 itaque
586 1279 867 1333 Eusebius
900 1284 956 1334 et
984 1280 1210 1337 Lucifer
1241 1298 1273 1335 a
1320 1282 1719 1352 superioribus
1769 1281 1925 1339 The.

276 1367 366 1421 bis
399 1371 708 1423 redeuntes
731 1367 875 1422 inter
897 1385 959 1423 se
992 1371 1144 1441 pacti
1177 1375 1335 1437 sunt,
1372 1378 1435 1427 ut
1484 1371 1649 1427 aliter
1682 1371 1918 1431 Alexan-

282 1456 492 1521 driam,
529 1456 671 1511 alter
724 1457 1091 1513 Antiochiam
1134 1476 1195 1515 se
1240 1463 1545 1526 conferret,
1580 1461 1678 1519 ubi
1735 1460 1921 1515 consi-

281 1544 426 1599 lium
457 1547 524 1598 de
577 1544 788 1600 divinis
837 1547 1125 1617 dogmatis
1185 1550 1603 1620 componendis
1651 1548 1919 1611 iniretur.

276 1634 460 1703 Atque
493 1633 777 1691 Eusebius
796 1635 1056 1705 quidem,
1091 1635 1269 1695 simul
1296 1643 1474 1710 atque
1515 1637 1921 1699 Alexandriam

273 1721 525 1792 appulit,
577 1724 864 1794 synodum
906 1741 1023 1779 una
1061 1742 1197 1781 cum
1268 1727 1581 1787 Athanasio
1637 1743 1919 1785 convoca-

266 1808 368 1865 vit.

341 1904 479 1953 Cum
515 1916 649 1971 ergo
691 1902 862 1956 Variis
897 1920 963 1958 ex
998 1904 1241 1961 urbibus
1299 1906 1554 1976 episcopi
1615 1907 1919 1969 convenis-

273 1998 420 2054 sent,
454 1987 693 2045 Nicmnie
725 1991 927 2059 synodi
958 1993 1188 2053 decreta
1220 1994 1562 2051 conﬁrmata
1594 2002 1766 2057 sunt;
1788 1996 1920 2057 Dei-

272 2094 383 2148 que
414 2093 630 2144 sermo,
662 2080 761 2150 qui
796 2080 967 2136 homo
998 2082 1189 2138 factus
1222 2087 1331 2153 est,
1366 2101 1478 2141 non
1513 2082 1701 2139 solum
1734 2085 1917 2145 incar-

271 2174 469 2233 natus,
505 2169 605 2223 sed
655 2174 711 2223 et
767 2171 962 2233 anima
1002 2173 1267 2231 rationali
1307 2175 1601 2245 praeditus,
1635 2180 1691 2231 et
1740 2177 1920 2247 perfe-

272 2260 403 2311 ctus
434 2256 608 2313 homo
639 2259 940 2314 communi
966 2261 1229 2317 omnium
1272 2261 1495 2317 calculo
1527 2262 1918 2336 proclamatus

273 2356 378 2413 est,
431 2350 608 2417 atque
667 2348 812 2403 adeo
881 2347 1138 2419 Spiritus
1195 2356 1437 2406 sanctus
1469 2352 1733 2423 ejusdem
1782 2369 1916 2413 cum

260 2434 430 2490 Patre
461 2439 517 2490 et
554 2434 693 2490 Filio
730 2437 1076 2494 substantia
1105 2455 1233 2494 esse
1265 2440 1703 2501 demonstratus
1734 2446 1843 2499 est.

890 2518 1051 2600 hae.
1094 2545 1291 2602 XXIV.

258 2650 335 2704 De
366 2651 838 2727 Luciferianorum
866 2651 937 2727 ab
979 2653 1357 2727 Alexandrina
1393 2656 1596 2727 synodo
1651 2657 1916 2713 dissiden-

334 2723 474 2777 tium
500 2723 1005 2793 haeresi,turbisque
1032 2728 1093 2779 in
1120 2723 1459 2783 Anliochcna
1489 2729 1731 2784 Ecclesia
1755 2729 1913 2785 obar-

333 2794 427 2860 εἰς,
460 2802 511 2849 et
543 2795 748 2850 Meletii
775 2795 1006 2851 exsilio.

340 2897 485 2955 Cum
519 2903 710 2956 autem
740 2899 969 2958 Lucifer
996 2902 1365 2961 Antiochiam
1423 2912 1553 2960 ante
1594 2904 1805 2961 Meletii
1836 2907 1909 2961 ab

264 2987 469 3042 exsilio
500 2989 752 3045 reditum
779 2991 1170 3060 adventasset,
1200 2993 1647 3066 Catholicosque
1679 2998 1830 3053 inter
1847 3012 1911 3051 se

267 3074 483 3130 divisos
573 3076 1065 3148 deprehendisset.
1136 3082 1361 3138 facinus
1447 3083 1905 3155 haudquaquam

267 3163 429 3234 pium
463 3164 827 3236 designavit:
856 3169 1037 3224 electo
1060 3169 1422 3226 diversarum
1472 3176 1722 3241 partium
1757 3172 1906 3229 Pau-

266 3250 387 3307 lino
409 3253 702 3326 episcopo.
726 3257 894 3327 cujus
929 3258 1203 3313 facinoris
1261 3260 1547 3316 Eusebius
1596 3262 1806 3317 certior
1836 3263 1913 3319 fa-

269 3343 398 3396 ctus
430 3350 626 3412 aperte
657 3345 890 3415 quidem
951 3362 1063 3402 non
1125 3347 1523 3419 improbavit:
1585 3350 1915 3407 Luciferum

267 3430 425 3484 enim
460 3433 867 3491 reverebatur:
912 3438 1180 3493 caeterum
1232 3437 1424 3495 neutri
1474 3439 1619 3509 parti
1652 3454 1915 3503 continu.

266 3518 499 3577 nicavit.
524 3521 752 3582 Quibus
781 3522 1002 3580 auditis
1054 3524 1277 3581 Lucifer
1316 3526 1654 3597 indignatus
1685 3535 1796 3594 est,
1826 3535 1914 3589 at-

264 3623 377 3676 que
409 3606 807 3667 Alexandrines
840 3612 1046 3682 synodi
1079 3618 1224 3673 Acte
1272 3615 1604 3687 improbare
1654 3619 1914 3685 tentavit,

255 3695 561 3766 vetuitque
592 3713 663 3754 ne
693 3698 823 3767 quis
872 3698 1118 3759 Eusebio
1149 3706 1626 3771 communicaret,
1665 3724 1792 3777 qua
1828 3724 1916 3766 res

264 3783 327 3843 in
359 3801 540 3841 causa
569 3785 680 3841 fuit
709 3786 993 3847 hareseos
1022 3807 1225 3847 eorum
1258 3794 1360 3865 qui
1392 3795 1465 3851 sb
1513 3796 1640 3864 ejus
1681 3797 1915 3859 nomine

265 3871 610 3929 Luciferiani
635 3874 774 3931 dicti
812 3881 970 3934 sunt.
996 3879 1103 3941 Qui
1145 3880 1301 3939 enim
1334 3882 1454 3941 hinc.
1486 3884 1686 3955 iniquo
1716 3886 1912 3943 animo

266 3979 384 4021 una
415 3979 544 4019 cum
571 3962 669 4018 illo
725 3965 1008 4035 tulerunt,
1043 3985 1307 4027 seorsum
1365 3972 1440 4029 ab
1472 3972 1727 4031 Ecclesia
1793 3975 1912 4031 ive-

262 4056 421 4108 runt.
454 4055 596 4107 Cum
632 4056 824 4109 autem
860 4054 1128 4111 Meletius
1158 4058 1476 4114 Ecclesiam
1536 4077 1703 4115 suam
1762 4061 1910 4116 revi-

261 4137 456 4207 sisset,
503 4156 717 4210 eosque
762 4159 795 4196 a
851 4143 1065 4212 quibus
1109 4145 1419 4201 amabatur
1463 4148 1731 4215 privatim
1783 4163 1916 4205 con-

263 4234 534 4299 gregatos
584 4230 925 4299 invenisset,
972 4230 1045 4287 iis
1087 4233 1337 4300 praefuit.
1386 4234 1673 4289 Ecclesiae
1720 4244 1910 4295 autem

260 4318 509 4375 Euzoius
542 4319 841 4389 religionis
870 4320 1094 4375 Arianae
1126 4321 1371 4379 antistes
1405 4324 1728 4395 occupavit.
1765 4329 1911 4381 Pau-v

262 4402 423 4460 linus
447 4411 642 4465 autem
668 4407 1008 4463 interiorum
1044 4408 1432 4465 Ecclesiarum
1458 4412 1557 4473 uni
1608 4412 1913 4483 praefectus

260 4498 375 4558 est,
410 4495 606 4553 Euzoii
641 4495 1059 4567 permissu,qui
1090 4498 1392 4560 Paulinum
1428 4505 1799 4558 revereretur.

2038 561 2280 623 Romani
2311 562 2709 631 gubernacula
2767 566 3046 635 suscepit,
3095 573 3267 635 atque
3320 581 3524 619 omnes
3583 566 3683 637 qui

2037 652 2333 726 religionis
2350 656 2627 714 nomines
2642 654 2879 711 Valente
2895 657 2950 711 in
2966 656 3236 711 exsilium
3260 657 3416 711 missi
3436 660 3685 727 fuet‘ont,

2038 743 2163 818 iege
2202 744 2336 801 data
2368 746 2673 807 revocavit.
2699 747 2779 800 Ea
2811 746 2988 818 igitur
3009 746 3133 818 lege
3165 747 3339 802 simul
3374 753 3543 819 atque
3575 748 3690 804 Me-

2036 830 2208 889 letius
2261 833 2628 889 Antiochiam
2674 834 2970 902 remeavit,
3030 835 3195 913 gravi
3244 838 3498 906 quadam
3563 854 3694 891 con-

2036 922 2295 983 tentione
2329 923 2582 999 populus
2640 923 2868 981 defferri
2928 925 3119 997 coepit.
3180 924 3321 979 Nam
3382 926 3507 979 sine
3568 926 3687 981 ulla

2039 1029 2201 1073 mora
2233 1018 2517 1087 quotquot
2546 1014 2597 1068 ei
2631 1014 2922 1083 favebant,
2950 1013 3174 1067 nullum
3221 1030 3336 1069 non
3385 1021 3690 1070 moverunt

2033 1099 2311 1175 lapidem,
2333 1109 2391 1155 ut
2414 1100 2657 1157 Paulino
2683 1103 2806 1177 jam
2840 1101 3132 1173 decrepito
3182 1119 3421 1157 consors
3486 1108 3542 1157 et
3572 1104 3687 1159 (ol-

2033 1190 2159 1261 lega
2187 1194 2611 1261 corrogaretur.
2665 1190 2904 1245 Paulino
2963 1195 3160 1246 autem
3213 1193 3561 1263 refragante,
3597 1194 3683 1247 di-

2031 1284 2314 1351 centeque
2344 1286 2551 1351 praeter
2584 1296 2837 1336 canones
2870 1279 2978 1335 hoc
3026 1296 3175 1346 esse,
3239 1286 3301 1335 ut
3351 1288 3679 1337 consortem

2031 1372 2313 1437 assumat,
2348 1369 2443 1439 qui
2465 1370 2535 1429 ab
2568 1367 2801 1424 Arianis
2831 1370 3051 1424 eiectus
3084 1369 3285 1436 fuerit;
3323 1371 3421 1440 qui
3454 1370 3683 1425 Meletio

2033 1455 2320 1523 favebant,
2374 1455 2573 1527 plures
2631 1462 2783 1512 certe
2843 1473 3110 1523 numero,
3170 1457 3226 1511 in
3301 1458 3682 1516 ecclesiarum

2028 1544 2505 1600 suburbanarum
2542 1563 2658 1600 una
2704 1546 2763 1600 in
2813 1546 3122 1617 episcOpali
3182 1546 3456 1602 cathedra
3512 1547 3681 1602 Mele-

2028 1632 2179 1686 tium
2239 1631 2547 1689 collocant.
2597 1634 2740 1687 Cum
2814 1640 3005 1688 autem
3086 1633 3335 1705 populus
3411 1637 3688 1708 utrinque

2030 1726 2491 1799 exasperaretur,
2528 1737 2735 1799 resque
2778 1722 3026 1792 jamJam
3060 1723 3126 1775 ad
3163 1722 3508 1778 seditionem
3544 1741 3679 1779 ven-

1950 1846 2001 1915 B
2033 1820 2160 1865 tura
2186 1810 2499 1880 videretur,
2534 1810 2625 1865 his
2658 1811 2893 1865 tandem
2931 1809 3159 1881 legibus
3219 1809 3373 1866 inter
3415 1828 3477 1867 se
3530 1812 3686 1883 pacti

2032 1903 2451 1953 convenerunt.
2486 1898 2858 1969 Congregatis
2881 1899 3035 1953 enim
3070 1899 3442 1971 episcopatus
3479 1902 3684 1958 suffra-

2031 1990 2253 2057 ganeis,
2285 1985 2475 2058 iisque
2507 2000 2752 2040 numero
2786 2002 2885 2040 sex
2916 1986 3070 2039 inter
3100 2003 3249 2057 quos
3283 1992 3339 2042 et
3369 1988 3681 2044 Flavianus

2032 2076 2198 2145 erat,j
2212 2075 2565 2145 urejurando
2595 2089 2693 2129 eos
2724 2072 3487 2140 obstrinxerunt,neminem
3512 2078 3676 2146 prius

2033 2163 2372 2236 episcopum
2408 2170 2664 2217 creatum
2694 2162 2789 2227 iri,
2810 2178 2987 2233 quam
3012 2162 3290 2216 Paulinus
3323 2166 3379 2216 et
3412 2162 3683 2220 Meletius

2030 2269 2060 2308 e
2088 2253 2233 2307 vivis
2266 2251 2675 2307 excessissent.
2701 2251 2923 2313 Quibus
2957 2250 3343 2321 jurejurando
3376 2253 3681 2309 conﬁrma-

2030 2341 2340 2409 tis,mutua
2370 2341 2522 2396 inter
2551 2358 2649 2398 eos
2671 2339 2959 2396 dissensio
2992 2339 3378 2412 simultasque
3405 2344 3678 2414 conquie—

2029 2432 2133 2486 vit.

2660 2523 2810 2576 CAP.
2843 2521 3039 2577 XXVI.

2028 2611 2115 2683 De
2156 2611 2764 2681 Constantinopolitano
2830 2611 3035 2681 synodo
3120 2612 3400 2668 Theodosii
3485 2615 3683 2683 Magni

2096 2682 2248 2751 iussu
2302 2688 2490 2753 coacta
2548 2683 2903 2753 omniumque
2948 2686 3214 2738 maximis
3271 2686 3448 2739 turbis
3479 2682 3676 2739 Antio-

2095 2753 2234 2808 chia:
2262 2770 2295 2808 a
2321 2752 2529 2811 Meletii
2556 2759 2734 2811 moris
2761 2752 2827 2813 ob
2859 2755 3184 2811 Flavianum
3236 2756 3351 2825 ejus
3406 2771 3678 2810 successo-

2095 2841 2211 2880 rem
2240 2828 2444 2883 exortis
2477 2842 2496 2881 :
2520 2831 2792 2898 postremo
2851 2825 2914 2880 de
2980 2825 3185 2881 Isidoro
3224 2827 3673 2893 hieromonazrho,

2096 2913 2255 2967 quem
2288 2896 2549 2955 Damasus
2603 2896 3273 2968 Constantinopolitanum
3322 2901 3523 2953 creavit
3554 2899 3675 2969 cpi-

2094 2983 2313 3039 scepum

2098 3076 2192 3130 llis
2225 3076 2305 3131 ita
2350 3075 2663 3132 transactis
2723 3075 3019 3131 Meletium
3067 3081 3363 3147 rogarunt,
3400 3080 3463 3130 ut
3511 3076 3669 3131 Con-

2023 3163 2455 3235 stantinOpolim
2518 3166 2754 3231 veniret,
2807 3165 3097 3243 siquidem
3161 3163 3418 3243 plerique
3478 3169 3534 3219 et
3572 3165 3673 3218 alii

2023 3254 2281 3325 episcOpi
2314 3255 2518 3309 eodem
2549 3256 2609 3309 in
2641 3253 2766 3310 loco
2815 3256 3146 3325 congregati
3178 3271 3244 3310 ea
3294 3256 3350 3308 in
3384 3255 3671 3310 sententia

2024 3351 2213 3411 erant,
2248 3350 2311 3404 ut
2334 3346 2649 3419 Gregorius
2679 3344 2966 3400 Nazianzo
2996 3346 3335 3410 translatus,
3369 3345 3669 3415 episcopa-

2023 3434 2107 3488 tui
2141 3433 2786 3504 Constantinopolitano
2822 3433 3357 3509 prmﬁceretur.Nec
3389 3434 3467 3488 ita
3486 3434 3675 3493 multo

2026 3526 2158 3591 post
2186 3538 2318 3575 cum
2334 3521 2700 3576 Theodosius
2735 3521 2982 3592 Magnus
3010 3521 3329 3592 imperator
3352 3521 3672 3578 Ecclesiam

2024 3610 2422 3682 perturbatam
2480 3609 2879 3687 comperisset,
2917 3612 3203 3685 synodum
3263 3614 3671 3665 Constantino-

2024 3699 2137 3770 poli
2201 3700 2590 3771 congregavit,
2642 3703 2705 3754 ut
2762 3699 2992 3755 Nicaeus
3044 3700 3186 3753 fides
3243 3699 3668 3754 observaretur.

2021 3789 2144 3850 Qua
2161 3791 2512 3859 congregata
2536 3792 2591 3847 et
2608 3785 2772 3843 finita
2800 3785 3059 3841 Meletius
3078 3785 3144 3843 ad
3164 3790 3343 3843 Deum
3362 3782 3627 3853 migravit
3654 3798 3668 3836 :

2022 3878 2192 3942 cuius
2274 3890 2511 3945 corpore
2567 3872 2938 3933 Antiochiam
3000 3868 3304 3935 translato.
3366 3870 3670 3934 Flavianus

2022 3963 2151 4031 ejus
2181 3962 2305 4017 loco
2327 3960 2547 4015 electus
2578 3963 2687 4025 est,
2711 3957 2841 4012 vivo
2863 3958 3186 4013 etiamnum
3218 3959 3485 4023 Paulino,
3519 3975 3666 4030 prea-

2020 4056 2109 4104 ter
2160 4054 2329 4119 pacta
2374 4047 2755 4117 jurejurando
2809 4047 3062 4107 ﬁrmata.
3096 4047 3177 4105 Ex
3212 4063 3329 4117 quo
3360 4048 3573 4115 evenit,
3606 4054 3672 4105 ut

2020 4138 2518 4195 Antiochenorum
2573 4140 2833 4210 plerique
2889 4138 3365 4199 communionem
3418 4138 3671 4201 Flaviani

2021 4228 2382 4299 defugerem,
2427 4228 2816 4300 privatimque
2848 4248 2880 4284 a
2913 4227 3155 4287 Paulino
3187 4236 3664 4289 convocarentur.

2021 4317 2172 4384 Quin
2194 4317 2320 4388 ipse
2358 4334 2588 4390 quoque
2620 4318 2915 4375 antistites
2948 4318 3100 4375 inter
3129 4335 3191 4376 se
3220 4318 3666 4379 dissentiebant.

2020 4406 2499 4477 Quandoquidem
2535 4407 3050 4478 Egyptii,Arebes,
3084 4412 3141 4465 et
3170 4407 3364 4480 Cyprii
3394 4408 3668 4478 injuriam

2020 4494 2264 4551 Paulino
2296 4495 2519 4556 illatam
2557 4512 2708 4568 agre
2765 4497 3046 4555 ferebant.
3080 4497 3206 4568 Syri
3252 4504 3466 4562 autem,
3503 4496 3674 4559 Palae—

333 4581 616 4639 Czeterum
672 4584 939 4641 Meletius
967 4592 1128 4645 extra
1173 4593 1369 4658 portas
1400 4589 1650 4647 civitatis
1670 4607 1914 4664 synago.
1941 4577 1988 4641 D
2021 4582 2183 4649 stini,
2245 4583 2522 4653 Pcenices,
2556 4584 2837 4651 Armenii,
2897 4585 3293 4657 Cappadoces,
3324 4584 3568 4651 Galatea,
3614 4594 3670 4645 et

257 4687 364 4743 gas
389 4687 490 4727 seu
524 4673 931 4731 conventicula
964 4675 1382 4748 habuit,usque
1407 4679 1477 4734 ad
1512 4680 1674 4750 impii
1706 4680 1911 4741 Valen-

259 4760 333 4816 tis
355 4760 728 4831 imperatoris
758 4767 1038 4833 tempora.
1069 4766 1121 4820 Is
1151 4765 1308 4821 enim
1369 4784 1497 4825 cum
1541 4769 1908 4827 Antiochiam

256 4851 537 4917 venisset,
597 4850 837 4907 Paulino
911 4853 1173 4924 quidem,
1230 4856 1334 4912 viri
1374 4856 1550 4917 vitam
1602 4875 1909 4931 moresque

255 4940 562 5005 reveritus,
584 4940 858 5012 pepercit,
892 4941 1189 5000 Melctium
1225 4950 1416 5002 autem
1467 4947 1736 5005 exsulare
1785 4951 1911 5020 jus-

258 5028 358 5089 sit.

890 5122 1049 5179 CAP.
1100 5123 1275 5179 XXV.

249 5226 458 5299 Iterum
514 5228 611 5299 qui
665 5229 765 5282 sub
794 5227 1019 5283 Valente
1076 5230 1142 5285 ob
1200 5230 1532 5299 religionem
1584 5234 1910 5292 exstiterant

331 5298 428 5352 sub
502 5298 764 5354 Gratiano
820 5308 872 5355 et
949 5298 1333 5358 Valentiniano
1390 5300 1619 5360 laniare
1679 5312 1911 5363 revocati

326 5378 477 5446 sunt.
531 5372 847 5443 Ili-rumque
899 5373 1171 5446 (premo!)
1205 5374 1484 5429 Meletium
1530 5378 1675 5446 apud
1711 5379 1905 5435 Ληιὶο-

322 5441 513 5495 chiam
546 5441 770 5507 exortae,
805 5441 1022 5497 tandem
1047 5445 1142 5498 vix
1169 5441 1621 5515 conquieverunt.

329 5547 497 5601 Porro
534 5566 659 5601 ωειλ
695 5547 901 5602 Valens
961 5550 1086 5620 ipse
1144 5549 1398 5608 violenta
1424 5556 1606 5606 morte
1638 5552 1813 5609 vitam
1850 5556 1907 5611 in

249 5634 437 5709 Mysia
460 5636 1145 5709 abrupis;et,Gratianus
1185 5638 1574 5697 Valentiniani
1606 5642 1762 5699 illius
1791 5662 1909 5703 una

2020 4672 2285 4744 plerique
2317 4672 2689 4733 Ponticarum
2731 4690 2764 4729 a
2796 4673 3068 4733 Flaviano
3100 4674 3353 4737 stabant,
3390 4673 3505 4733 Nec
3539 4690 3668 4731 vero

2021 4758 2395 4817 mediocriter
2426 4758 2639 4815 infensi
2670 4768 2832 4815 erant
2887 4759 3080 4821 Roma
3117 4762 3430 4832 episcopus
3462 4764 3518 4816 et
3566 4777 3668 4816 cie.

2018 4847 2125 4903 teri
2155 4846 2572 4915 Occidentales,
2607 4852 2780 4918 atque
2809 4849 2878 4907 ad
2933 4849 3244 4911 Paulinum
3302 4849 3566 4919 quidem,
3607 4853 3669 4905 ut

2017 4936 2443 4997 Antiochenam
2493 4936 2835 5007 episcOpum
2877 4938 3232 5002 scribebant.
3264 4936 3522 5001 Ftaviani
3564 4953 3667 4993 aui-

2017 5030 2135 5083 tem
2170 5024 2523 5085 mentionem
2557 5026 2776 5089 nullam
2802 5026 3127 5087 faciebant:
3167 5025 3497 5096 infensique
3527 5024 3669 5089 adeo

2018 5118 2186 5173 erant
2213 5112 2462 5175 Diodoro
2494 5113 2683 5178 Tarsi,
2713 5117 2772 5168 et
2801 5114 3008 5177 Acacio
3041 5113 3345 5179 Berrhmas,
3377 5112 3480 5184 qui
3533 5128 3668 5171 eum

2018 5201 2357 5275 elegissent.
2418 5218 2522 5266 nec
2578 5217 2676 5263 eos
2722 5203 2795 5265 sd
2874 5201 3340 5265 couimuninnem
3399 5201 3667 5265 admitte-

2018 5294 2182 5349 banL

2092 5382 2240 5445 Quin
2273 5384 2330 5435 et
2391 5380 2504 5451 ipsi
2576 5385 2634 5435 et
2690 5381 3003 5435 Gratianus
3077 5381 3391 5452 imperator
3458 5377 3669 5435 litteris

2020 5469 2345 5533 Orientales
2391 5469 2696 5542 episcopos
2734 5470 2803 5529 ed
2866 5470 3235 5535 Occidentem
3273 5472 3670 5533 convocarent

2024 5560 2118 5630 qui
2150 5577 2217 5613 ea
2249 5561 2317 5613 de
2348 5575 2411 5614 re
2467 5559 2889 5621 decernerent;
2944 5565 3003 5613 at
3066 5559 3262 5614 nullus
3310 5561 3395 5616 eis
3446 5575 3665 5616 morem

2020 5649 2224 5721 gessit.
