4090 6192
396 383 553 444 1383

468 519 752 574 Gestarum
789 503 1122 582 patriarcha
1142 496 1381 556 Photius
1402 483 1746 582 hujusmodi
1778 476 2044 582 scholion

400 567 741 676 huidcapili
771 567 958 656 obiter
989 590 1257 649 inseruit.
1290 585 1437 640 Nota
1466 580 1740 676 Romanae
1799 567 2051 625 Alexan-

402 701 490 756 dri
501 664 693 768 nzeqtle
705 688 861 747 sedis
875 686 1276 742 vehementem
1291 676 1570 730 adversus
1584 664 1909 721 Flavianum
1923 673 2030 713 con
2041 688 2054 699 -

405 751 904 850 citationemquse
937 771 1100 830 nihili
1135 777 1329 824 tamen
1364 764 1515 818 facta
1542 751 1814 826 est,quod
1847 751 2054 850 praeter

406 877 690 934 rationem
751 870 905 924 facta
959 864 1274 920 videretur.
1333 851 1476 918 Quia
1523 848 1679 903 enim
1741 840 2051 934 Flavianus

405 985 439 1024 a
470 963 634 1021 nullo
663 961 978 1016 damnatus
1009 953 1164 1008 intra
1183 963 1326 1004 suos
1359 942 1503 998 ﬁnes
1536 955 1569 993 a
1607 933 1732 990 suis
1755 926 2048 986 excoleba-

407 1061 526 1122 tur,
558 1070 627 1110 eo
658 1049 853 1117 ﬁebat,
887 1050 951 1102 ut
979 1041 1198 1099 alienas
1228 1025 2050 1122 expostulationesntanquam

408 1148 572 1218 septa
592 1160 700 1199 sua
731 1133 1228 1195 transcendentes,
1259 1125 1456 1180 irritas
1488 1129 1721 1175 manere
1752 1107 1916 1167 facile
1952 1121 2050 1176 pa-

409 1236 648 1290 teretur.

482 1282 708 1377 Mortuo
733 1319 927 1372 autem
978 1307 1244 1370 Paulino,
1277 1299 1610 1356 Flavianum
1675 1285 1917 1377 populus
1951 1282 2053 1377 ite:

409 1428 539 1470 rum
566 1415 866 1467 aversatus
909 1405 1016 1468 est,
1048 1407 1338 1470 cperaque
1398 1392 1455 1443 et
1509 1381 1704 1440 studio
1743 1373 1956 1470 effecit,
1991 1372 2054 1425 ut

409 1465 696 1574 Evagrius
754 1465 1009 1569 proprias:
1059 1465 1204 1560 parti
1268 1478 1678 1552 praeficeretur.
1733 1465 1840 1530 Qui
1917 1475 2050 1562 cum

411 1551 598 1666 pau:o
655 1594 710 1646 et
756 1551 894 1659 ipse
941 1586 1201 1650 tempore
1258 1565 1696 1639 supervixisset,
1738 1555 1938 1612 nullus
1993 1551 2050 1604 in

411 1645 540 1754 eius
597 1645 812 1736 locum.
845 1671 1126 1728 suffectus
1182 1667 1288 1728 est,
1324 1660 1496 1728 idque
1545 1645 1798 1708 Flaviani
1855 1657 2050 1713 opera.

1306 1749 1337 1754 .,
1530 1742 1576 1754 ._
1779 1731 2050 1754 ,νη-,ΜΛ

409 1731 919 1828 Νἶθιδυωθιιίωνθω
1027 1749 1340 1811 rel'ractarii
1449 1742 1680 1815 quidam
1777 1731 2053 1790 Flaviano

408 1855 706 1918 adversari
766 1851 1091 1924 pergentes,
1140 1837 1381 1913 privatis
1436 1823 1858 1888 conventiculis
1915 1837 2048 1874 con-
2086 1843 2130 1906 Β

408 1913 844 2021 gregabantur;
887 1943 949 1994 at
995 1934 1092 1990 ille
1143 1929 1362 1986 nullum
1409 1939 1525 1979 non
1572 1913 1820 2021 rationis‘
1850 1913 2051 2021 funem

411 1997 843 2104 movi—tZ-uthos’
867 2038 1100 2100 quoque
1129 2017 1238 2076 sibi
1270 2012 1619 2084 subjiceret:
1672 2002 1825 2076 quod
1880 1997 2053 2072 paulo

412 2132 617 2204 postea
647 2122 901 2198 perfecit.

484 2182 625 2274 eam
647 2182 816 2270 ἐσίω
841 2203 1231 2278 Theophilum
1262 2191 1722 2253 Alexandrinum
1756 2182 2054 2278 sibiobse-

416 2306 554 2380 quio
586 2319 692 2360 suo
714 2299 970 2357 amicum
1008 2287 1424 2364 parasset,ejus
1447 2295 1620 2352 opera
1640 2292 1772 2332 cum
1808 2273 2054 2328 Damaso

415 2365 674 2457 liomano
698 2396 754 2449 in
787 2388 1035 2464 gratiam
1071 2381 1259 2444 rediit,
1287 2377 1544 2450 profecto
1571 2373 1641 2427 ad
1674 2385 1806 2426 eum
1833 2365 2054 2422 Isidoro

414 2453 701 2545 monacho
732 2453 1184 2552 etvpresbytero,
1209 2468 1308 2541 qui
1343 2481 1472 2524 cum
1505 2457 1870 2519 Scetensium
1926 2453 2058 2526 phi-

413 2573 792 2646 losophorum
825 2545 975 2624 unus
1005 2545 1447 2627 esset,Damaso
1477 2559 1675 2625 gratus
1707 2561 1894 2618 usque
1915 2545 2056 2598 adeo

418 2632 617 2734 iuit,lut
645 2663 770 2718 sine
793 2657 910 2714 ulla
939 2670 1099 2710 mora
1115 2655 1172 2706 et
1193 2645 1500 2705 confestim
1527 2641 1694 2696 illum
1721 2632 2056 2694 Constanti-

420 2753 698 2826 nopoleos
727 2748 1068 2820 episcopum
1100 2737 1514 2796 crearit.Porro
1540 2724 1930 2786 Theodoritus
1963 2738 2060 2776 au-

417 2851 538 2901 ctor
589 2845 679 2897 est
737 2837 1073 2893 Flavianum
1125 2845 1239 2884 non
1289 2840 1423 2880 cum
1476 2822 1722 2876 Damaso
1771 2813 2055 2876 Romano,

419 2933 520 2988 sed
555 2945 688 2985 cum
734 2919 1072 2982 Innocentio
1103 2916 1164 2972 in
1178 2912 1422 2987 gratiam
1448 2905 1708 2970 rediisse,
1732 2901 1908 2972 idque
1929 2910 2061 2967 ope-

418 2985 484 3075 ra
512 3024 570 3073 et
593 3015 792 3072 studio
821 3007 1133 3068 Theodosii
1169 2985 1562 3075 imperatoris,
1587 2989 1785 3047 missis
1822 2989 1892 3043 ad
1931 2985 2056 3040 Fla-

415 3107 654 3164 vianum
721 3096 1083 3157 Berrhmensi
1134 3093 1381 3162 aliisque
1442 3081 1748 3158 episcoiiis.
1790 3078 1914 3133 Non
1961 3064 2080 3130 de:

420 3200 580 3262 sunt,
600 3193 815 3266 quibus
847 3190 896 3243 is
930 3187 1025 3258 qui
1048 3185 1198 3240 inter
1228 3183 1428 3236 Patres
1457 3167 2058 3244 Chrysologusdictus

421 3291 530 3350 est,
565 3255 678 3338 una
700 3295 834 3337 cum
865 3255 1182 3346 Theophilo
1235 3263 1647 3329 Alexandrino,
1698 3256 1885 3314 Acacii
1925 3255 2057 3310 Ber-

425 3344 736 3434 rhmensis,
790 3372 846 3421 et
912 3344 1114 3418 Isidori
1169 3354 1486 3432 presbyteri
1543 3351 1761 3416 studio,
1814 3344 2060 3418 gratiam

423 3457 696 3516 Flaviano
712 3451 1054 3509 conciliasse
1075 3449 1356 3502 videatur.

1051 3553 1181 3610 CAP
1231 3549 1430 3606 XXVI.

419 3653 697 3714 Invectiva
725 3650 966 3721 digresso
1013 3646 1216 3701 Nicetae
1265 3639 1327 3721 in
1377 3633 1770 3720 analphabetos
1803 3634 2063 3721 s‘uijtemo

490 3727 641 3800 poris
671 3703 977 3800 episcopos,
1001 3730 1254 3794 quorum.
1277 3709 1550 3800 imprimis
1577 3720 1742 3800 ope'Ca
1793 3703 2064 3800 Androni-

493 3774 910 3854 Eis'éz'iiéa‘ciizs
939 3774 1204 3846 Co'mneni
1234 3785 1292 3838 in
1321 3774 1484 3854 sacra
1514 3774 1848 3854 templorum
1887 3774 2064 3829 clino-

491 3849 586 3925 dia
612 3849 994 3922 invaserunt:
1057 3858 1215 3929 cujus
1272 3851 1556 3922 sacrilegii
1608 3849 1836 3904 Alexlus
1896 3861 2065 3902 aurea

497 3939 644 3997 bulla
671 3939 938 4010 pwnz‘tere
962 3949 1017 3988 se
1046 3933 1370 4003 protestatus
1398 3929 1496 3979 est.

492 4043 1002 4102 Verumenimvero
1037 4033 1202 4108 impii
1237 4031 1352 4087 Arii
1405 4027 1785 4084 refutationes
1830 4022 2063 4079 interi'n

425 4137 488 4192 in
511 4135 689 4191 alium
721 4131 912 4188 locum
961 4123 1320 4197 rejiciantur.
1352 4118 1498 4182 Quia
1545 4115 1698 4171 enim
1761 4111 1963 4168 Aetius
2013 4115 2070 4166 et

426 4222 749 4282 Eunomius
781 4218 905 4276 Arii
943 4218 1242 4272 consortes
1289 4210 1540 4273 fuerunt,
1570 4221 1755 4276 operte
1815 4201 2067 4274 pretium

427 4317 688 4370 facturus
716 4310 938 4374 videor,
978 4305 1025 4361 si
1079 4319 1204 4374 quae
1259 4299 1333 4354 ab
1381 4295 1500 4352 illis
1559 4293 1863 4365 designata
1909 4293 2069 4357 sunt,

427 4404 564 4460 huic
602 4398 863 4458 historiae
893 4395 1058 4468 prius
1086 4392 1378 4446 inseram:
1411 4390 1538 4440 tum
1571 4381 1778 4438 deinde
1808 4381 1876 4435 ad
1911 4394 2074 4435 com-

427 4509 662 4550 munem
699 4489 874 4545 trium
907 4479 1368 4540 confutationem
1383 4473 1704 4544 aggrediar.
1731 4469 1894 4534 Quod
1915 4469 2069 4523 enim

1715 341 2027 412 NICETE
2068 330 2483 402 CHONIATE

2075 468 2262 541 Ades
2331 459 2736 520 audiendusve
2805 456 2986 526 patet,
3045 466 3164 522 quo
3241 447 3481 520 quidem
3545 443 3828 513 impietas

3665 311 3826 372 1384

2157 561 2214 613 et
2253 550 2607 611 abominatio
2641 543 2955 616 detegitur,
2989 556 3107 613 qua
3157 537 3387 610 profani
3441 534 3526 590 illl
3558 531 3832 604 episcopi

2160 647 2308 702 ultro
2353 657 2484 698 sese
2509 635 2902 700 involverunt,
2937 630 3036 702 qui
3071 626 3350 700 pecunias
3382 626 3440 680 in
3489 639 3644 677 usus
3683 638 3834 692 pau-

2160 749 2364 806 perum
2400 728 2723 785 destinatas
2755 723 2826 778 ad
2867 721 3160 792 privatum
3223 717 3470 780 fastum,
3503 718 3564 767 et
3617 727 3830 765 eorum

2159 802 2529 892 obsequium,
2563 815 2662 887 qui
2695 818 2998 868 consorles
3027 807 3449 878 imperatorum
3500 802 3558 856 id
3597 805 3836 870 tempo-

2160 915 2240 970 ris
2271 917 2459 980 erant,
2482 916 2762 979 tanquam
2798 903 3098 975 palearum
3145 913 3382 954 acervos
3413 892 3828 956 eventilantes,

2159 1019 2227 1060 ex
2255 1003 2325 1057 iis
2347 1000 2494 1057 alios
2525 997 2765 1070 quidem
2797 1005 3134 1048 sermonum
3175 987 3404 1058 piorum
3439 989 3499 1039 et
3529 981 3830 1053 simplici-

2160 1097 2279 1149 tate
2338 1085 2721 1162 gaudentium
2798 1077 3296 1142 conversionibus,
3373 1072 3825 1139 dialecticisque

2159 1159 2521 1250 compendiis
2565 1175 2625 1230 in
2687 1169 3030 1244 perditionis
3083 1165 3428 1222 barathrum
3487 1159 3821 1233 praecipites

2159 1269 2462 1330 dederunt,
2521 1263 2652 1318 aliis
2694 1266 2889 1316 autem
2963 1259 3373 1328 impengentes
3423 1250 3606 1305 retusi
3655 1253 3817 1315 sunt,

2161 1376 2276 1416 non
2305 1373 2472 1413 secus
2503 1361 2676 1423 atque
2707 1353 2752 1408 si
2783 1351 2841 1404 in
2881 1362 3112 1404 murum
3148 1341 3562 1400 Semitamium
3618 1339 3825 1392 dentes

2159 1447 2535 1518 infregissent
2567 1442 2702 1514 (63),
2738 1438 2954 1512 quippe
2985 1435 3084 1507 qui
3136 1432 3353 1487 divitiis
3410 1445 3620 1485 eorum
3687 1443 3828 1498 pru-

2160 1537 2453 1593 dentiores
2493 1536 2714 1594 essent,
2748 1545 2854 1584 nec
2896 1525 3032 1580 ullis
3066 1523 3388 1592 logicorum
3419 1518 3826 1590 epicherema-

2159 1632 2284 1682 tum
2321 1621 2608 1680 machinis
2633 1617 3102 1691 percellerentur.
3139 1611 3254 1666 llos
3284 1625 3420 1664 vero
3448 1607 3826 1679 synodorum

2161 1714 2272 1770 sibi
2304 1720 2831 1768 consentanearum
2865 1701 3305 1765 convocatione,
3343 1713 3560 1754 necnon
3603 1711 3824 1750 eorum

2163 1819 2452 1860 consensu
2475 1807 2534 1856 et
2564 1801 2756 1854 favore
2781 1797 2880 1868 qui
2910 1793 3094 1849 multa
3117 1796 3356 1861 possent
3383 1789 3533 1860 apud
3559 1789 3830 1856 impera-

2164 1904 2312 1950 tores
2337 1899 2582 1946 atterere
2615 1903 2854 1960 prorsus
2910 1883 3293 1946 conabantur,
3329 1895 3431 1933 nec
3472 1879 3666 1932 solum
3703 1875 3828 1929 suis

2161 1999 2261 2039 eos
2293 1981 2532 2038 sedibus
2562 1983 2619 2034 et
2647 1975 2899 2032 ovilibus
2921 1969 3334 2034 deturbabant,
3361 1967 3459 2022 sed
3492 1965 3673 2020 etiam
3712 1980 3832 2034 quo

2155 2072 2290 2143 jure
2321 2085 2553 2142 quaque
2584 2064 2794 2137 injuria
2829 2078 3060 2132 semper
3089 2077 3119 2115 e
3153 2058 3346 2114 medio
3389 2055 3596 2110 tollere
3629 2053 3828 2108 medi—

2163 2163 2458 2224 tabantur,
2481 2154 2796 2213 nonnullos
2825 2153 3001 2208 etiam
3031 2147 3387 2205 commentis
3423 2143 3574 2198 dolis
3625 2149 3686 2196 et
3718 2159 3821 2214 sy-

2163 2247 2495 2320 cophantiis
2525 2245 2903 2315 impetebant,
2947 2244 3006 2294 et
3052 2236 3402 2307 hujusmodi
3430 2233 3644 2288 artibus
3707 2248 3824 2301 0p-

2165 2344 2285 2394 tata
2313 2335 2866 2407 consequebantur;
2894 2345 3021 2386 cum
3049 2327 3287 2397 justitia
3341 2324 3660 2378 subsannet
3689 2336 3817 2386 eos,

2160 2428 2402 2500 judiciis
2431 2425 2483 2481 ei
2507 2423 2614 2480 soli
2647 2420 2920 2494 cognitis,
2953 2418 3046 2473 cui
3079 2417 3315 2490 quoties
3349 2418 3589 2484 peccant
3623 2411 3828 2464 homi-

2167 2535 2272 2574 nes
2303 2517 2359 2572 in
2387 2517 2534 2570 iram
2591 2511 3015 2568 excandescere
3076 2523 3190 2562 non
3253 2503 3442 2576 placet
3499 2502 3633 2572 (64),
3670 2506 3733 2554 at
3769 2499 3834 2553 in

2167 2607 2463 2680 plerisque
2492 2603 2579 2658 vel
2613 2603 2671 2658 in
2703 2600 3054 2657 diuturnum
3089 2600 3323 2666 tempus
3352 2593 3426 2646 de
3479 2590 3708 2659 iniquis
3751 2590 3838 2642 fa-

2167 2678 2465 2752 cinoribus
2500 2709 2703 2764 pinnas
2742 2693 3002 2760 repetere
3031 2684 3250 2740 differt.
3275 2687 3443 2737 Hunc
3482 2679 3546 2736 in
3581 2678 3834 2734 modum

2169 2793 2429 2858 pastores
2469 2779 2864 2852 decipiebant,
2899 2791 3002 2831 nec
3035 2789 3230 2830 eorum
3267 2769 3435 2843 pauci
3467 2768 3716 2822 vineam
3731 2765 3835 2822 Dei

2168 2871 2641 2944 corrumpebant.
2675 2866 2958 2932 Quocirca
3000 2862 3286 2920 Dominus
3333 2858 3594 2932 graviter
3626 2857 3688 2912 id
3719 2873 3835 2910 mo-

2168 2965 2432 3034 lesteque
2463 2962 2654 3018 ferens
2687 2973 2787 3030 per
2817 2954 3160 3028 pr0phetam
3218 2949 3550 3006 exclamat:
3596 2949 3682 3002 Va:
3742 2946 3837 3016 qui

2166 3061 2395 3126 pascunt
2413 3046 2692 3121 sei/1503“.
2731 3051 2853 3101 1ωο
2883 3045 2930 3099 si
2963 3045 3096 3116 quis
3131 3039 3385 3112 penitius
3432 3035 3726 3108 exploret,
3765 3051 3830 3089 ea

2169 3159 2300 3216 quae
2330 3137 2671 3212 hujusmodi
2705 3140 2921 3192 temere
2980 3131 3384 3200 designarunt,
3428 3133 3489 3182 et
3542 3127 3830 3181 adversus

2097 3209 2142 3276 (ἶ
2173 3232 2354 3287 Deum
2417 3225 2744 3284 innumeris
2792 3222 2984 3278 modis
3037 3218 3324 3292 prolocnti
3385 3222 3553 3285 sunt,
3599 3231 3699 3270 eos
3753 3229 3826 3268 ne

2174 3322 2399 3393 seipsos
2429 3317 2662 3390 quidem
2697 3328 2955 3386 pascere,
3007 3325 3110 3366 nec
3141 3307 3294 3364 ovile
3345 3311 3585 3362 tantum
3638 3301 3824 3375 negli-

2173 3425 2330 3484 gere,
2362 3408 2463 3464 sed
2487 3412 2544 3462 et
2571 3405 2802 3475 seipsos
2831 3407 2888 3458 et
2917 3416 3090 3457 suum
3138 3412 3374 3469 gregem
3406 3412 3443 3450 ιι
3465 3395 3586 3450 Deo
3616 3394 3829 3448 distra-

2174 3501 2348 3563 xise,
2383 3510 2732 3570 gregemque
2763 3491 2926 3549 nullo
2949 3506 3065 3546 non
3095 3487 3293 3544 herba:
3313 3485 3554 3542 lethalis
3585 3489 3646 3538 et
3678 3498 3830 3538 mor-

2173 3589 2356 3645 tiferae
2385 3601 2596 3659 genere
2628 3583 2877 3656 pavisse,
2909 3579 3073 3636 nullo
3105 3593 3221 3633 non
3277 3575 3532 3646 denique
3593 3571 3830 3628 turbido

2176 3694 2282 3734 nec
2315 3675 2601 3732 feculento
2622 3671 2868 3728 ﬂumine
2898 3670 3229 3739 adaquasse
3247 3663 3588 3736 comperiet,
3611 3677 3682 3717 ex
3711 3675 3830 3731 quo

2176 3766 2291 3838 ipsi
2330 3779 2563 3836 quoque
2621 3759 2895 3832 poculum
2959 3757 3281 3828 porrigant,
3311 3760 3586 3824 tanquam
3635 3751 3822 3804 duces

2175 3837 2370 3929 gregis
2393 3853 2620 3916 arietes,
2647 3850 2862 3922 quibus
2887 3863 3100 3903 sonora
3127 3841 3442 3902 sacerdotii
3465 3837 3814 3910 crepitacula

2177 3945 2476 4000 incassum
2508 3957 2768 4014 appensa
2818 3940 2955 3994 sint.
2988 3937 3269 3993 Caeterum
3317 3933 3572 4006 quamvis
3615 3931 3828 3985 omnia

2177 4034 2260 4088 ita
2278 4035 2616 4098 tractarent,
2653 4032 2718 4082 ut
2749 4028 2900 4083 unde
2925 4025 3004 4080 nil
3027 4030 3236 4096 pra-ter
3266 4023 3548 4096 privatam
3575 4035 3834 4075 accusa—

2179 4122 2502 4188 tionem,et
2533 4119 2742 4173 animis
2789 4115 3202 4186 plerorumqne
3248 4111 3634 4183 perditionem
3695 4125 3844 4163 con-

2180 4213 2581 4280 sequerentur,
2617 4204 2900 4262 nonnulla
2926 4209 3120 4258 tamen
3157 4201 3316 4257 utilia
3335 4200 3847 4270 amplexiquoque

2181 4301 2339 4352 sunt.
2377 4296 2461 4350 Ita
2511 4300 2576 4350 ut
2625 4310 2695 4348 ex
2733 4294 2817 4348 eis
2849 4299 3128 4362 tanquam
3191 4289 3379 4361 spinis
3437 4304 3607 4344 rosas
3639 4287 3846 4342 decer-

2183 4401 2339 4458 pere,
2371 4390 2429 4440 et
2471 4389 2753 4454 tanquam
2793 4389 3130 4452 serpentum
3189 4377 3470 4434 carnibus
3515 4391 3846 4446 panaceam

2183 4475 2495 4532 salutarem
2527 4472 2810 4528 coniicere
2854 4469 3042 4535 liceat,
3076 4477 3236 4536 tunc,
3283 4467 3557 4537 inquam,
3587 4483 3729 4520 cum
3790 4471 3848 4520 et

423 4582 688 4656 jaculum
715 4577 846 4652 quis
877 4577 936 4631 in
987 4587 1187 4630 eorum
1251 4582 1433 4623 unum
1481 4561 1790 4656 paraverit,
1826 4560 1881 4656 id
1939 4575 2073 4656 V_6I_‘0
2105 4581 2152 4644 D
2185 4570 2447 4638 pastores
2503 4567 2563 4617 et
2615 4567 2916 4633 pastorum
2961 4557 3354 4614 mercenaries
3411 4556 3850 4626 deposuerunt,

433 4647 548 4728 non
582 4647 835 4725 absurde
891 4665 949 4718 in
1011 4668 1244 4716 caeteros
1303 4669 1534 4727 quoque
1585 4650 1913 4706 detorserit.
1973 4647 2078 4703 Illa

437 4775 611 4834 porro
644 4749 1152 4828 inpraesentiarum
1187 4745 1332 4802 mihi
1367 4739 2076 4814 perpendendavidentur,

435 4826 800 4924 quascunque
830 4841 940 4910 illi,
981 4837 1196 4910 quibus
1257 4833 1394 4889 cleri
1447 4826 1880 4886 administratio
1929 4833 2082 4880 sorte

436 4917 665 5010 obtigit,
697 4933 973 4991 adversus
1004 4943 1138 4984 eum
1171 4922 1606 4987 etl’utiverunt,a
1634 4933 1751 4989 quo
1778 4917 1850 4971 ad
1883 4919 2082 4988 pasto-

435 5030 555 5088 rale
585 5006 805 5084 munus
834 5019 1016 5080 evecti
1047 5020 1221 5074 sunt:
1255 5018 1312 5070 et
1337 5011 1552 5084 quibus
1583 5023 1719 5064 oves
1749 5023 1887 5064 suas
1917 5006 2080 5061 dam-

435 5121 528 5178 nis
552 5109 1053 5175 attriverunt.lmo
1084 5121 1217 5162 vero
1249 5103 1398 5158 liber
1415 5116 1528 5171 quo
1553 5113 1645 5154 res
1666 5095 1737 5151 ab
1765 5094 1886 5151 illis
1911 5099 2082 5166 gestae

437 5209 815 5268 continentur
845 5197 1220 5268 dilucideque
1249 5191 1595 5258 tractantur,
1642 5183 1826 5241 cuivis
1885 5183 2084 5255 legen-

512 5341 563 5376 ³⁸
591 5345 806 5398 Jerem.
839 5350 962 5402 xm,
995 5333 1023 5388 1
1050 5325 1296 5402 ;Ezech,
1327 5337 1522 5391 xxxiv,
1551 5322 1604 5376 2.

513 5483 628 5552 (63)
660 5479 880 5538 Alludit
907 5477 983 5536 ad
1011 5476 1233 5534 Horat.:

521 5621 636 5692 (et)
665 5619 828 5674 Ovid.

1371 5533 1634 5612 Qﬂeitdcl'
1652 5533 1852 5591 solido.

2189 4654 2478 4725 quotquot
2505 4650 2640 4705 ﬁdei
2686 4650 2862 4705 rudes
2911 4653 2969 4704 et
3023 4648 3263 4720 ignaros
3305 4645 3852 4716 deprehenderunt,

2190 4760 2298 4799 nec
2329 4741 2569 4798 idoneos
2599 4739 2700 4812 qui
2755 4738 2888 4794 ﬁdei
2921 4735 3220 4794 catholicae
3261 4739 3550 4807 praecepta
3591 4733 3857 4789 subdiiis

2193 4831 2316 4887 suis
2333 4845 2402 4886 ex
2419 4845 2622 4884 eorum
2657 4825 2994 4899 praescripto
3035 4822 3408 4895 explicarent.

2263 4915 2774 4974 Veron-enimvero
2827 4931 2860 4969 a
2921 4911 3224 4968 nonnullis
3285 4926 3520 4983 quoque
3589 4911 3858 4966 accusati

2193 5011 2353 5076 sunt,
2405 5006 2560 5076 quod
2611 5018 2986 5076 percussores
3021 5006 3079 5056 et
3119 5017 3362 5072 rapaces
3417 5004 3644 5067 essent,
3700 4997 3858 5070 quod

2194 5112 2291 5152 eos
2312 5095 2411 5167 qui
2444 5094 2515 5150 de
2545 5093 2729 5166 gradu
2761 5092 2967 5163 dejecti
3001 5092 3236 5146 fuerant
3263 5089 3334 5144 ad
3366 5088 3858 5144 communionem

2195 5181 2599 5252 admisissent,
2631 5180 2791 5254 quod
2847 5179 3168 5236 seditiones
3215 5175 3641 5244 coneitassent,
3704 5174 3864 5248 quod

1377 5464 1592 5536 Fragilz'
1613 5477 1861 5536 quaerens
1889 5461 2110 5519 illidere
2139 5461 2375 5518 dentem.

1377 5603 1448 5688 Sj’
1467 5607 1674 5688 quoties
1699 5615 1926 5688 peccatu
1948 5604 2202 5688 homines
2229 5603 2603 5688 suafulm‘ina
2625 5609 2828 5658 mutat.

1385 5674 1622 5751 Jupiter,
1652 5674 1857 5747 εᾱῖίαιιο
1877 5686 2117 5750 tempore
2147 5674 2373 5734 inermis
2392 5674 2526 5732 erit.
