4090 6192
239 371 371 432 1385

1562 367 1956 427 THESAURI
2000 368 2149 427 LIB.
2198 367 2272 426 V.

3475 375 3632 432 1386

237 505 468 578 denique
500 503 558 559 in
591 502 826 573 opibus,
861 502 1166 558 elementis
1197 506 1254 556 et
1286 501 1591 574 principiis
1642 517 1710 556 ea
1740 517 1866 569 quae
1898 511 1951 576 Α
1982 500 2106 556 suis
2138 497 2497 565 domesticis,
2549 499 2665 556 illis
2725 501 2958 572 quidem
2992 502 3284 573 hostibus,
3317 507 3374 559 et
3415 505 3632 561 aulico-

238 597 286 650 in
315 593 424 649 vita
456 591 668 647 facturi
698 596 897 646 essent
929 591 1417 660 praemunissent:
1463 608 1589 662 quae
1641 592 1876 662 quidem

241 684 431 740 sicum
478 683 700 736 caeteris
759 679 1025 735 Ecclesiae
1086 680 1469 747 caeremoniis,
1530 697 1658 751 quae
1717 696 1878 735 com-

245 772 388 827 muni
437 769 676 825 utilitati
730 767 1068 836 consulunt,
1130 786 1244 825 non
1301 769 1701 834 evanuissent,
1761 768 1879 823 imo

241 862 282 917 si
308 859 501 916 nullus
534 859 592 913 in
626 858 971 913 hodiernum
1009 874 1196 929 usque
1227 858 1380 914 diem
1441 874 1509 914 ea
1547 864 1879 928 transgres-

247 968 334 1006 sus
365 953 539 1014 esset,
572 965 697 1018 quze
727 952 881 1003 recta
908 948 1054 1003 ratio
1086 948 1434 1019 praescribit,
1465 953 1521 1002 et
1552 964 1679 1018 quae
1731 952 1880 1001 recte

241 1058 270 1095 a
323 1039 432 1110 piis
490 1038 765 1092 Patribus
814 1037 940 1105 jam
1000 1036 1139 1091 olim
1199 1037 1426 1091 sancita
1481 1041 1640 1099 sunt,
1697 1035 1880 1090 haud-

242 1143 518 1198 quaquam
582 1125 778 1180 nescio
837 1125 1053 1195 quibus
1107 1125 1410 1195 glebarum
1493 1124 1880 1192 uocatoribus,

244 1216 601 1286 vectigalium
636 1215 1129 1284 redemptoribus,
1180 1215 1434 1269 ferarum
1485 1213 1882 1278 venatoribus,

243 1305 484 1376 publicis
517 1319 820 1375 procerum
851 1301 1177 1357 aulicorum
1211 1302 1610 1365 consortibus,
1643 1302 1878 1373 dogma-

240 1400 354 1450 tum
386 1392 519 1448 fidei
551 1409 790 1463 prorsus
823 1391 1066 1462 ignaris,
1109 1382 1576 1448 incantatoribué
1635 1392 1884 1459 denique

241 1488 292 1538 et
338 1482 670 1552 raptoribus
726 1479 1091 1551 episcopales
1147 1480 1316 1536 sedes
1374 1479 1885 1536 committerentur

240 1571 474 1643 (65-66):
513 1586 618 1625 nec
651 1570 722 1623 iis
755 1569 852 1640 qui
886 1575 950 1624 ut
982 1570 1089 1624 hoc
1144 1585 1376 1640 quoque
1433 1569 1645 1636 dicam,
1680 1568 1884 1622 subdi-

241 1667 324 1717 tos
356 1676 516 1727 suos,
548 1658 766 1730 quibus
800 1659 1108 1728 pascendis
1167 1657 1422 1728 praefecti
1482 1662 1642 1726 sunt,
1698 1655 1882 1710 multo

237 1749 578 1804 violentinus
637 1746 914 1818 cxpilant,
977 1763 1156 1818 quam
1232 1745 1452 1816 publici
1510 1744 1882 1816 vectigalium

243 1843 554 1904 exactores,
589 1837 728 1890 dum
763 1835 1207 1890 tributariorum
1242 1834 1504 1889 debitum
1538 1851 1651 1888 non
1680 1849 1882 1903 super-

239 1927 452 1982 ficiaria
485 1926 640 1995 lana,
675 1924 1109 1996 mulgendoque
1167 1923 1315 1978 lacte
1369 1927 1540 1978 tenus
1571 1921 1880 1990 definiunt,

237 2015 332 2070 sed
367 2014 541 2069 etiam
576 2028 590 2067 :

395 2141 626 2208 Tergom
655 2138 929 2210 diripiunt
959 2140 1136 2205 costis,
1160 2145 1209 2194 et
1238 2136 1447 2194 viscera
1476 2137 1708 2192 nudant.

303 2288 382 2342 Ex
413 2302 527 2357 quo
559 2287 774 2351 evenit,
811 2293 872 2340 ut
903 2285 1148 2357 pristina
1181 2284 1280 2341 illa
1313 2302 1514 2357 regum
1557 2285 1876 2355 objurgan-

233 2377 434 2431 dorum
468 2375 815 2443 dicendique
847 2375 992 2428 citra
1023 2375 1302 2445 pudorem
1337 2374 1624 2445 quidlibet
1681 2388 1876 2427 coram

223 2465 306 2520 eis
338 2464 580 2519 libertas
616 2479 852 2534 prorsus
908 2462 1028 2517 illis
1088 2462 1344 2533 perierit,
1407 2461 1692 2532 paucique
1736 2461 1878 2517 adeo

218 2553 361 2608 illos
383 2553 505 2623 jam
541 2557 879 2608 reverentur
911 2569 923 2607 :
961 2557 1136 2622 atque
1194 2567 1262 2606 ex
1311 2551 1725 2620 consequentia
1756 2567 1876 2604 ma-

219 2642 445 2696 ximum
481 2641 624 2695 illud
662 2639 970 2712 pontificis:
1004 2639 1310 2710 dignitatis
1351 2641 1531 2695 decus
1589 2639 1875 2706 eviluerit,

231 2732 476 2798 ejusque
508 2727 633 2783 loco
665 2745 732 2782 ea
799 2728 1132 2782 introducta
1192 2728 1331 2793 sint,
1366 2744 1492 2798 quis
1538 2744 1702 2782 veros
1744 2745 1880 2798 pon-

233 2818 418 2871 tifices
449 2816 686 2870 omnino
717 2815 1066 2870 dedeceant:
1101 2815 1435 2885 cujusmodi
1467 2820 1606 2870 sunt
1634 2815 1882 2886 impera-

234 2904 463 2958 toribus
496 2903 802 2969 assentari,
836 2909 894 2958 et
949 2903 1144 2958 servili
1202 2919 1360 2958 more
1409 2920 1773 2974 quaecunque
1810 2905 1880 2959 ab

232 2992 354 3046 illis
380 2991 657 3046 dicuntur
688 2995 790 3046 aut
821 2993 970 3046 fiunt
1001 2992 1341 3063 approbare,
1399 2991 1725 3063 quamlibet
1783 2993 1883 3047 illa

233 3081 476 3150 ﬂagitiis
507 3079 780 3135 omnibus
813 3081 1186 3151 ﬂagitiosiora
1219 3082 1356 3136 sint.

313 3173 383 3223 Ut
415 3173 663 3236 taceam,
693 3170 846 3238 quod
882 3171 1048 3224 nobis
1077 3185 1330 3240 quoque,
1364 3171 1464 3240 qui
1523 3170 1882 3241 magistrati-

1986 608 2113 645 rum
2145 589 2436 662 plerisque
2463 591 2735 661 perniciei
2771 601 3033 646 auctores
3063 593 3341 666 exitiique
3361 594 3631 661 fuerunt;

1985 683 2202 750 quippe
2236 681 2335 750 qui
2369 685 2648 750 tanquam
2681 685 2798 735 Deo
2855 680 3269 737 succenturiati
3330 685 3632 755 opitulato-

1985 769 2200 837 res,jus
2228 769 2623 839 persuadendi
2655 768 2956 836 haberent,
2989 771 3204 841 quique
3236 771 3381 826 nihil
3413 773 3635 843 absque

1985 858 2182 914 divino
2210 860 2489 915 instinctu
2527 864 2626 914 aut
2651 859 2844 916 dicere
2874 864 2974 915 aut
3015 876 3181 931 agere
3231 869 3633 919 censerentur.

1986 947 2159 1002 Pauci
2193 950 2348 1003 enim
2383 953 2549 1008 sunt.
2577 948 2679 1018 qui
2737 965 2838 1019 per
2891 949 3204 1004 fenestram
3267 951 3516 1021 pectoris
3547 952 3639 1006 in—

1987 1037 2327 1107 trospicere,
2389 1037 2772 1107 cordiuutque
2861 1037 3244 1110 cogitationes
3302 1052 3638 1112 perspectas

1989 1124 2204 1180 habere
2255 1133 2489 1197 queant.
2552 1127 2661 1181 Sed
2723 1127 2845 1181 hac
2904 1126 3236 1193 hactenus;
3295 1145 3366 1183 ne
3423 1131 3638 1199 quibus

1987 1215 2135 1270 forte
2167 1219 2402 1286 propria
2463 1221 2697 1287 peccata
2753 1217 2810 1268 in
2876 1221 3104 1289 tergum
3157 1218 3417 1288 rejicere,
3449 1218 3642 1274 aliena

1987 1319 2124 1359 vero
2150 1305 2440 1359 anteriore
2475 1304 2742 1359 manticae
2800 1309 2961 1375 parte
3018 1310 3266 1375 gestare,
3299 1323 3484 1378 eaque
3533 1324 3638 1362 cu-

1989 1392 2336 1448 riosioribus
2365 1392 2548 1448 oculis
2580 1391 2904 1464 inspectare
2932 1393 3151 1450 videar.

2590 1534 2740 1586 CAP.
2776 1529 3023 1586 XXVIII.

1989 1654 2061 1708 Dc
2097 1652 2584 1727 Semiariqnorum
2660 1653 3041 1721 episcoporum
3089 1657 3388 1727 hypocrisi,
3441 1661 3634 1727 pra’ci-

2277 1725 2515 1794 puisque
2538 1723 2800 1777 haereseos
2832 1739 3018 1778 eorum
3051 1723 3343 1795 capitibus.

2064 1839 2135 1895 Ut
2165 1856 2299 1911 ergo
2333 1840 2486 1894 unde
2517 1839 2781 1910 digressa
2808 1844 2917 1906 est,
2959 1856 3024 1895 eo
3057 1857 3117 1896 se
3158 1842 3371 1897 referat
3431 1844 3642 1912 oratio,

1994 1929 2296 1985 videamus
2323 1945 2452 1998 quas
2482 1939 2532 1982 et
2588 1929 2785 2000 qualia
2843 1929 3060 1984 fuerint
3117 1930 3218 1985 illa
3263 1932 3456 1999 verba,
3517 1950 3645 2005 qua)

1991 2018 2218 2073 Arianae
2284 2015 2399 2071 luis
2459 2021 2920 2087 propugnatores
3003 2017 3279 2071 adversus
3346 2019 3641 2074 Christum

1993 2109 2405 2177 concepcrunt,
2439 2109 2494 2159 et
2517 2108 2882 2175 pepererunt,
2917 2105 3436 2176 frequentibusqne
3467 2124 3639 2178 syno-

1991 2198 2083 2251 dis
2150 2194 2500 2262 convocatis,
2559 2194 2824 2248 omnium
2911 2194 3152 2248 auribus
3219 2201 3634 2266 exposuerunt,

1992 2285 2242 2356 denique
2275 2289 2554 2354 tanquam
2578 2282 2898 2337 orthodoxa
2924 2283 3270 2338 confirmare
3319 2283 3446 2338 ausi
3477 2289 3637 2352 sunt,

1993 2374 2260 2444 quamvis
2318 2372 2545 2428 interim
2601 2371 2745 2426 nihil
2806 2370 2919 2424 nisi
2978 2387 3197 2426 meram
3278 2371 3637 2442 impietatem

1993 2465 2301 2534 spirarent,
2335 2467 2615 2532 tanquam
2657 2459 2991 2516 adulterina
3012 2466 3068 2515 et
3098 2463 3169 2515 ab
3202 2461 3469 2516 Ecclesiae
3502 2479 3642 2533 apo-

1993 2553 2212 2608 stolica
2245 2550 2473 2621 placitis
2531 2549 2739 2605 aliena.
2796 2555 2876 2603 Ac
2927 2550 3181 2620 primum
3240 2549 3476 2621 quidem
3509 2551 3644 2622 quis

1993 2642 2294 2713 Theognin
2318 2641 2544 2707 Nicaeae,
2574 2640 2891 2695 Eusebium
2920 2640 3292 2706 Nicomediae,
3325 2646 3502 2712 atque
3530 2641 3645 2695 Eu-

1994 2733 2218 2786 sebium
2243 2734 2535 2795 Caesareae,
2571 2746 2695 2799 quae
2755 2734 2844 2784 est
2897 2728 2956 2781 in
3015 2727 3346 2793 Palaestina,
3379 2747 3495 2783 non
3546 2744 3644 2783 ac-

1996 2819 2203 2874 cuset?
2227 2819 2322 2888 qui
2356 2817 2626 2872 illiberali
2654 2821 2710 2872 et
2742 2817 3119 2886 pontificibus
3178 2817 3418 2888 indigno
3464 2833 3642 2871 sensu

1997 2908 2222 2981 praediti
2258 2907 2492 2962 fuerint.
2527 2907 2660 2962 Cum
2692 2907 2844 2960 enim
2879 2905 3160 2960 haeretica:
3223 2905 3489 2960 factionis
3547 2922 3646 2959 es-

1998 3003 2148 3064 sent,
2178 3000 2627 3066 vererenturque
2663 3011 2733 3049 ne
2794 2995 3043 3064 propriis
3102 2993 3374 3049 Ecclesiis
3414 2995 3648 3049 excide-

1998 3091 2146 3150 rent,
2207 3091 2307 3139 aut
2361 3086 2602 3139 infamia
2660 3090 3023 3150 notarentur,
3091 3082 3290 3138 Arium
3372 3082 3650 3137 simulate

1999 3174 2346 3242 abjurarunt
2379 3191 2391 3227 :
2428 3172 2720 3243 pauloque
2751 3176 2903 3242 post,
2929 3187 3088 3226 more
3142 3187 3353 3226 canum
3387 3173 3456 3226 ad
3515 3187 3645 3240 pro-

237 3259 351 3312 bus
388 3258 703 3327 fungimur,
734 3259 1059 3314 libertatem
1092 3276 1324 3314 omnem
1362 3259 1590 3314 dicendi
1621 3258 1882 3314 abstule-
1919 3240 1961 3305 (ἶ
2001 3267 2194 3334 prium
2247 3261 2533 3316 vomitum
2595 3261 2830 3326 reversi,
2898 3259 3017 3314 Arii
3104 3259 3450 3330 depositioni
3533 3276 3646 3313 non

234 3348 380 3416 rint,
414 3353 586 3418 atque
619 3364 725 3402 nos
757 3364 823 3403 ex
856 3347 1097 3402 sublimi
1139 3349 1445 3419 dignitatis
1476 3350 1658 3420 gradu
1691 3349 1886 3404 detur-

233 3436 523 3506 baverint,
556 3441 612 3490 et
642 3435 807 3490 humi
843 3439 1281 3507 prostraverint,
1325 3454 1390 3494 eo
1451 3438 1705 3508 denique
1762 3439 1891 3492 ade-

231 3525 450 3595 gerint,
489 3528 550 3577 ut
583 3541 699 3579 una
755 3542 889 3580 cum
950 3525 1068 3580 illis
1124 3526 1505 3582 Melitaeorum
1547 3526 1887 3582 catellorum

235 3630 402 3668 more
431 3612 882 3683 imperatoribus
910 3613 1163 3669 blandiri
1197 3615 1382 3670 coacti
1410 3615 1706 3671 fuerimus.
1741 3615 1888 3668 Nam

232 3701 378 3772 quid
415 3701 600 3765 aliud,
633 3718 852 3771 quaeso,
887 3701 1254 3768 fecissemus,
1286 3720 1418 3757 cum
1465 3703 1752 3774 primariae
1794 3719 1886 3756 se-

230 3793 322 3846 dis
357 3791 690 3860 pontiticcm
723 3797 779 3845 et
809 3800 1065 3860 cmteros,
1100 3797 1165 3846 ut
1191 3792 1389 3847 ordine
1420 3793 1887 3863 subsequuntur,

235 3880 570 3950 episcopos,
607 3879 777 3933 unico
811 3884 952 3932 nutu
983 3884 1040 3934 et
1070 3879 1243 3934 verbo
1278 3879 1612 3950 permisisse
1670 3880 1888 3934 videre-

234 3973 488 4037 mus,ut
547 3983 714 4022 sacra
772 3967 1024 4022 clinodia
1082 3969 1469 4024 avellerentur
1517 3969 1650 4038 (67),
1701 3967 1888 4038 genti-

237 4059 472 4119 busque
508 4063 784 4126 tanquam
819 4057 1064 4110 canibus
1097 4057 1168 4110 ad
1228 4056 1430 4126 epulas
1476 4055 1765 4124 parandas
1795 4070 1892 4108 ex-

234 4149 638 4216 ponerentur:
673 4161 807 4199 cum
841 4161 948 4199 sua
980 4143 1190 4214 cuique
1223 4142 1463 4213 privato,
1524 4143 1641 4195 imo
1699 4141 1894 4211 reipu-

231 4233 404 4289 blicae
442 4231 836 4304 quoqueipsi,
903 4237 965 4286 ut
1022 4232 1100 4287 ita
1157 4230 1369 4297 dicam,
1431 4234 1588 4284 sarta
1644 4233 1794 4283 tecta
1841 4235 1898 4284 et

228 4323 476 4394 integra
507 4326 829 4390 manerent,
863 4325 919 4374 et
976 4322 1035 4375 in
1096 4319 1322 4375 futuros
1354 4335 1496 4373 usus
1528 4335 1562 4373 a
1619 4320 1738 4374 suis
1771 4335 1899 4389 pos-

232 4412 578 4467 sessoribus
610 4411 1062 4467 reconderentur
1091 4410 1119 4464 ?

314 4499 571 4555 Omnino
603 4501 653 4554 si
689 4505 906 4554 temere
964 4498 1408 4565 restitissemus,
1459 4499 1684 4554 obtorto
1742 4497 1895 4552 haud

2000 3354 2444 3415 consenserunt,
2477 3349 2579 3404 sed
2611 3349 2935 3403 resilientes
2996 3347 3222 3402 nullum
3274 3348 3478 3403 exinde
3512 3347 3650 3401 fidei

1999 3441 2292 3498 catholica:
2333 3440 2768 3512 impugnandze,
2824 3439 3174 3509 piorumque
3229 3439 3649 3509 oppugnando-

1998 3546 2128 3584 rum
2161 3530 2334 3583 finem
2369 3529 2648 3582 fecerunt.
2689 3528 2830 3580 Hinc
2865 3526 3233 3581 fraudulenta
3291 3527 3392 3581 illa
3443 3532 3649 3582 contra

1998 3617 2367 3672 Eustathium
2401 3616 2667 3681 consilia,
2703 3615 2838 3670 hinc
2871 3615 3204 3686 frequentes
3263 3616 3372 3669 illae
3419 3613 3648 3685 synodi,

1996 3706 2213 3777 quibus
2264 3702 2558 3777 ὀμοούσιον
2621 3703 2798 3759 dictio
2867 3709 3146 3773 tanquam
3229 3720 3262 3755 a
3330 3699 3650 3769 Scripturis

1998 3795 2186 3850 aliena
2241 3794 2588 3848 censebatur
2646 3792 2801 3861 apud
2861 3792 2995 3846 illos
3069 3795 3126 3844 et
3208 3786 3647 3858 explodebatur,

1997 3885 2244 3953 ejusque
2272 3883 2394 3936 loco
2428 3896 2582 3935 nunc
2616 3875 2954 3948 ὁμοιούσιον,
3016 3891 3171 3929 nunc
3229 3873 3442 3945 ὅμοιον,
3503 3875 3649 3931 alias

1999 3971 2166 4026 etiam
2200 3967 2479 4038 ἂνόμοιον,
2514 3966 2940 4020 obtrudebatnr
2969 3982 2981 4020 :
3017 3982 3142 4035 qua:
3199 3963 3396 4018 omnia
3434 3964 3646 4020 Filium

2002 4076 2035 4112 a
2065 4057 2396 4112 substantia
2429 4054 2616 4110 Patris
2641 4053 2896 4109 alienum
2933 4054 3170 4109 faciunt.
3229 4052 3294 4107 In
3362 4070 3429 4108 ea
3484 4055 3644 4108 enim

2003 4146 2294 4200 sententia
2325 4148 2510 4207 erant,
2572 4147 2634 4196 ut
2692 4142 2858 4196 Pater
2908 4141 3094 4212 prima
3142 4141 3190 4196 ei
3244 4141 3478 4213 propria
3510 4143 3648 4196 sub-

2005 4234 2222 4288 stantia
2280 4234 2587 4298 diceretur,
2647 4230 2824 4286 Filius
2883 4237 3078 4286 autem
3139 4233 3413 4286 secunda.
3473 4234 3656 4302 Atque

2004 4323 2234 4378 Patrem
2292 4319 2525 4392 quidem
2587 4319 2769 4374 Deum
2831 4318 3063 4390 proprie
3123 4317 3412 4383 dicebant,
3441 4318 3653 4374 Filium

2007 4416 2200 4468 autem
2233 4428 2334 4482 per
2365 4408 2826 4481 bomonymiam,
2887 4406 2995 4462 hoc
3053 4414 3160 4472 est,
3211 4407 3525 4478 aequivocc,
3557 4424 3660 4462 no-

2009 4501 2187 4557 minis
2218 4500 2562 4556 substantim
2595 4504 2650 4554 ct
2687 4497 2920 4554 deitatis
2954 4496 3288 4569 participem
3310 4495 3660 4564 esse.Verbi,

233 4590 424 4645 dubie
455 4587 604 4642 collo
664 4588 734 4642 de
794 4585 1074 4640 tribunali
1134 4585 1345 4656 dejecti
1392 4561 1728 4640 fuissemus.
1757 4585 1903 4640 Illud
1935 4561 1978 4625 D
2014 4591 2201 4663 gratia
2231 4595 2407 4644 Deum
2446 4593 2667 4644 Patrem
2727 4561 3021 4658 dogmatis
3071 4561 3193 4642 suis
3252 4587 3508 4642 animato
3541 4561 3662 4640 ani;

235 4680 406 4733 enim
439 4675 774 4746 exemplum
797 4675 1198 4745 impudentia},
1231 4674 1330 4744 qui
1355 4674 1522 4729 nobis
1550 4675 1602 4728 id
1629 4674 1905 4745 temporis

237 4766 546 4822 assidebat
579 4765 894 4836 imperator
943 4763 1089 4818 nihil
1149 4779 1266 4818 non
1320 4779 1509 4818 eorum
1563 4779 1690 4834 quae
1749 4767 1904 4833 pete-

236 4855 486 4920 bantur,
551 4853 703 4909 ultro
764 4853 1140 4909 concedebat.
1197 4854 1385 4917 Quare
1443 4852 1488 4906 si
1534 4853 1665 4922 quis
1697 4851 1906 4905 affectu

243 4944 418 5002 omni
452 4947 828 5009 semoto,rem
861 4941 1094 5013 penitus
1151 4941 1479 5013 perspicere
1536 4939 1690 5002 velit,
1725 4940 1908 4995 eccle-

237 5035 526 5091 siasticos
601 5032 752 5088 haud
821 5030 998 5086 dubie
1057 5030 1226 5102 plura
1283 5029 1620 5101 designasse
1690 5029 1912 5102 ﬂagitia

245 5121 598 5195 comperiet,
635 5137 810 5192 quam
850 5118 1591 5190 imperatoris(68)aulicos
1610 5124 1662 5172 et
1686 5118 1912 5174 satelli-

241 5219 366 5272 tes.
402 5216 474 5270 Hi
507 5215 663 5270 enim
698 5227 1082 5284 quaecumque
1143 5210 1371 5282 imperii
1417 5209 1776 5282 magnitudo,
1811 5229 1913 5283 po-

240 5303 491 5360 testatis
525 5301 942 5375 praecellentia,
976 5306 1032 5355 et
1089 5299 1358 5355 voluntas
1392 5299 1549 5364 tulit,
1573 5315 1640 5353 ea
1697 5317 1797 5370 per
1830 5303 1914 5353 t'as

243 5397 310 5448 et
347 5392 516 5448 nefas
549 5392 1037 5462 designaverunt;
1065 5388 1123 5442 hi
1152 5393 1348 5444 autem
1372 5390 1427 5441 et
1475 5388 1913 5456 coadjutoribus

329 5509 550 5579 (65-66)
610 5508 690 5563 De
738 5505 1080 5576 huiusmodi
1131 5504 1446 5579 phqrologz’s
1500 5502 1795 5574 Cbrysost.
1855 5504 1911 5558 in

245 5575 696 5650 comparatione
727 5575 880 5650 regis
912 5580 979 5631 ad
1013 5575 1388 5650 monachum.

333 5643 1102 5724 (6’7)Sacrorum'vasorum
1150 5645 1591 5704 distractionem
1641 5643 1917 5720 intelligit

586 5771 853 5831 Parnm.
903 5766 1013 5828 Gn.
1058 5765 1374 5828 CXXXIX.

2016 4679 2178 4749 mali,
2213 4678 2420 4733 Filium
2453 4688 2643 4734 autem
2673 4676 2936 4732 inanimo
2968 4679 3024 4732 et
3054 4675 3207 4748 picto
3252 4675 3503 4731 similem
3535 4691 3665 4730 esse

2017 4769 2330 4840 fingebant.

2088 4857 2370 4920 Quocirca
2427 4856 2655 4912 Patrem
2715 4860 2900 4911 Deum
2972 4853 3220 4927 proprie,
3281 4857 3343 4909 ut
3391 4853 3668 4918 diximus,

2021 4946 2232 5003 Filium
2258 4946 2730 5016 vero,quamdam
2765 4944 3009 5001 Deitatis
3041 4943 3355 5016 imaginem
3406 4943 3670 4998 nomina-

2022 5039 2203 5094 bant:
2240 5036 2321 5092 ita
2352 5042 2415 5090 ut
2451 5037 2746 5090 incassum
2783 5032 2924 5088 Filio
2981 5040 3035 5089 et
3091 5031 3406 5088 divinitatis
3439 5035 3497 5085 et
3544 5029 3678 5086 sub-

2025 5125 2252 5182 stantize
2286 5142 2496 5181 nomen
2543 5123 2909 5195 affingerent.
2970 5122 3115 5186 Quia
3167 5121 3319 5177 enim
3373 5119 3584 5176 Filium
3643 5135 3678 5173 a

2027 5213 2212 5270 Patris
2244 5213 2574 5269 substantia
2624 5211 3033 5282 sejungebant,
3093 5215 3436 5279 Patremque
3498 5209 3675 5263 Deum

2027 5303 2258 5374 proprie
2293 5306 2683 5365 nominantes,
2718 5300 2928 5352 Filium
2978 5298 3051 5351 ab
3105 5297 3230 5366 ejus
3261 5296 3507 5351 essentia
3545 5311 3679 5358 pro-

2027 5391 2344 5446 ﬁtebantur
2375 5388 2653 5456 alienum,
2715 5404 2781 5442 eo
2835 5387 3032 5452 ﬁebat,
3062 5388 3126 5440 ut
3182 5400 3315 5440 eum
3377 5385 3595 5439 frustra
3624 5387 3683 5438 ct

2031 5506 2201 5562 cuius
2234 5504 2469 5560 Alexius
2502 5505 2836 5559 Contncnus
2869 5503 2926 5556 in
2958 5505 3145 5557 Aurea
3178 5499 3342 5555 Bulla
3393 5499 3678 5553 meminit.

2135 5523 2201 5559 US
2234 5523 2469 5560 AleXIUS
2502 5523 2836 5559 UOHIDBDUS
2869 5523 2926 5556 Π]
2958 5523 3145 5557 Aurea
3178 5523 3342 5555 DUllu
3393 5523 3678 5553 ιιιυωιηιι.

2099 5523 2218 5649 268)
2243 5575 2643 5649 Andronicum
2675 5574 2967 5645 intelligit,
2999 5575 3070 5631 de
3100 5589 3214 5645 quo
3247 5570 3491 5629 Michael
3532 5570 3681 5626 Cho-

2032 5647 2221 5706 niates
2250 5647 2309 5705 in
2343 5647 2632 5704 Monodia.

3278 5763 3358 5822 μ
