4058 6212
489 352 642 414 1387

1807 342 2116 409 NICETE
2158 337 2581 402 CHONIATIE

3735 349 3861 413 1388

486 483 614 541 sine
645 482 948 556 hypostasi
1004 483 1184 539 Deum
1241 481 1520 552 dicerent,
1577 486 1754 556 atque
1809 482 1952 536 adeo
2002 476 2133 548 ejus
2164 475 2216 542 Α
2250 469 2478 536 dixerit,
2511 469 2668 526 haud
2701 486 2998 542 quaquam
3029 489 3064 530 a
3091 485 3228 531 vero
3257 475 3615 534 aberraverit
3646 496 3660 536 :
3687 497 3863 552 quem-

485 575 770 630 duntaxat
799 573 1189 645 homonymiaa
1221 573 1466 640 ratione,
1527 589 1644 644 qua
1681 572 1835 628 inter
1865 587 1927 626 se
1973 567 2139 623 vivus

485 663 663 719 homo
681 667 736 720 et
765 661 957 734 pictus
986 663 1390 731 conferuntur,
1433 661 1804 734 hominisque
1854 657 2137 714 vocabulo

485 753 772 825 asquivoce
795 752 1201 826 designantur.
1235 753 1312 808 Eo
1343 768 1478 823 erga
1535 769 1686 810 vana
1730 762 2136 823 perversorum

482 843 790 900 hominum
815 842 1291 915 eogitataﬁpotov
1312 847 1367 899 et
1393 841 1714 915 ὁμοιούσιον
1774 840 2134 912 spectabant.

483 935 609 1000 Qua
635 934 706 990 de
735 949 910 990 causa
939 933 1288 990 Semiariani
1335 950 1567 1006 quoque
1591 932 1731 988 dicti
1780 934 1937 987 sunt.
1992 927 2139 994 Quia

486 1024 646 1081 enim
680 1024 907 1080 Patrem
949 1029 1006 1080 et
1034 1023 1252 1082 Filium
1281 1025 1354 1080 ad
1407 1023 1858 1096 inaequalitatem
1908 1019 2132 1091 redige-

483 1114 652 1185 bant,
685 1114 952 1185 Patrique
1001 1114 1110 1170 hoc
1166 1115 1527 1180 tribuebant,
1578 1119 1645 1170 ut
1687 1127 1870 1184 supra
1899 1124 2134 1167 omnem

485 1205 829 1276 essentiam,
861 1209 927 1261 ut
951 1204 1270 1276 ingenitus,
1303 1208 1370 1261 ut
1399 1209 1648 1260 aeternus
1703 1206 1858 1259 esset
1889 1221 1903 1269 ;
1956 1199 2137 1255 Filio-

403 1303 407 1307 ‘
489 1311 601 1366 que
631 1299 856 1365 contra,
889 1298 956 1350 ut
993 1299 1240 1363 creatus,
1301 1299 1367 1350 ut
1425 1299 1623 1367 postea
1669 1309 1794 1348 esse
1846 1290 2134 1362 coepisset,

487 1381 672 1440 fuisse
702 1383 953 1454 denique
1009 1388 1263 1457 tempus,
1317 1399 1433 1455 quo
1485 1401 1600 1440 non
1659 1383 1884 1448 fuisset,
1919 1379 2134 1435 idcirco

494 1472 645 1528 ferre
675 1490 791 1530 non
825 1478 1110 1544 poterant,
1143 1477 1208 1529 ut
1229 1472 1527 1545 ὁμοουσίου
1560 1473 1756 1542 dictio,
1789 1471 1922 1526 fidei
1983 1485 2136 1541 sym-

479 1562 616 1618 bolo
669 1563 1052 1631 insereretur,
1113 1580 1230 1634 qua
1277 1563 1516 1634 quidem
1577 1562 1783 1617 Filium
1844 1561 2021 1616 unius
2077 1562 2135 1615 et

486 1653 752 1724 ejusdem
776 1670 910 1710 cum
967 1655 1136 1710 Patre
1195 1654 1536 1710 substantiae
1595 1670 1722 1709 esse
1770 1653 2130 1725 profitemur,

483 1741 593 1796 hac
623 1746 745 1798 arte
776 1747 1124 1814 satagentes,
1186 1747 1252 1798 ut
1310 1761 1477 1800 suam
1525 1743 1582 1798 in
1629 1743 1872 1798 haeresin
1905 1741 2132 1814 Opinio-

2251 561 2570 619 admodum
2603 561 2675 616 de
2708 560 2855 617 Filio
2884 565 2944 618 st
2989 562 3162 619 Patre
3227 582 3462 638 quoque
3517 567 3631 624 dici
3686 577 3868 642 potest.

2249 651 2378 708 Haec
2407 650 2565 706 enim
2597 658 2683 706 est
2715 651 3055 722 quarumvis
3085 669 3283 710 rerum
3342 657 3610 714 essentia;
3664 665 3866 732 natura,

2249 744 2317 796 ut
2350 740 2502 812 quod
2533 738 2794 807 genitum
2826 745 2916 797 est
2945 741 2997 798 ei
3029 757 3062 796 a
3090 759 3204 814 quo
3254 744 3516 816 genitum
3573 753 3662 805 est
3703 751 3871 808 simile

2249 830 2438 895 ﬁat,et
2457 834 2631 900 prout
2649 829 2856 886 eadem
2886 829 3188 902 utriusque
3235 836 3494 891 essentia
3535 842 3641 904 est,
3691 841 3868 898 eodem

2247 934 2478 990 quoque
2507 917 2728 976 honore
2750 918 3075 988 afﬁciatur;
3099 937 3206 978 nec
3229 921 3388 979 illius
3412 924 3649 996 quidem
3683 930 3868 1004 potior,

2246 1007 2421 1079 hujus
2453 1025 2584 1065 vero
2614 1009 2888 1080 deterior,
2948 1015 3048 1066 aut
3111 1010 3268 1068 illius
3299 1013 3541 1084 quidem
3571 1017 3863 1088 antiquior,

2247 1096 2427 1169 hujus
2456 1114 2592 1154 vero
2624 1099 2909 1156 recentior
2939 1100 3195 1157 essentia
3223 1102 3476 1160 dicatur.
3517 1104 3660 1160 Nam
3691 1108 3864 1164 forma:

2247 1190 2478 1261 generis
2525 1189 2829 1262 aequaliter
2884 1191 2956 1247 ab
3029 1207 3096 1248 eo
3171 1195 3520 1264 procedunt,
3578 1198 3865 1272 eodemque

2249 1283 2474 1334 natura
2503 1279 2838 1336 communis
2868 1279 3088 1338 honore
3119 1283 3613 1341 condecorantur:
3657 1291 3717 1342 ut
3745 1303 3862 1344 om-

2249 1384 2354 1424 nes
2386 1368 2650 1425 homines
2681 1371 3096 1427 communione
3127 1372 3490 1430 deﬁnitionis
3516 1377 3864 1447 conveniunt,

2253 1457 2578 1530 quamlibet
2605 1459 2662 1514 in
2692 1458 2951 1530 plurima
2978 1459 3281 1518 individua
3309 1462 3477 1519 divisi
3534 1465 3675 1521 sint.
3721 1469 3868 1533 Qua:-

2245 1563 2498 1620 cumque
2517 1564 2656 1622 ergo
2685 1550 2758 1604 ad
2819 1566 3002 1606 unum
3052 1549 3309 1624 aliquem
3367 1553 3687 1612 terminum
3723 1559 3872 1613 redu-

2247 1642 2478 1707 cuntur,
2539 1639 2787 1710 ejusque
2839 1639 3076 1712 capacia
3132 1644 3290 1708 sunt,
3320 1657 3386 1698 ea
3425 1643 3606 1699 etiam
3660 1647 3871 1718 proprie

2247 1725 2539 1794 homines,
2598 1725 2690 1782 vel
2745 1727 2905 1799 equi,
2959 1727 3046 1784 vel
3094 1728 3290 1796 boves,
3347 1735 3424 1800 et,
3473 1736 3537 1787 ut
3572 1733 3643 1788 ita
3673 1735 3872 1806 dicam,

488 1846 739 1902 nemque
765 1846 1096 1903 perversam
1129 1832 1434 1905 episcopos
1466 1848 1672 1888 omnes
1734 1834 1975 1888 latenter
2018 1831 2122 1903 pel-

2247 1815 2455 1887 pluntaa
2483 1821 2545 1871 et
2569 1817 2810 1872 arbores
2838 1817 3137 1888 dicuntur,
3193 1819 3548 1892 omninoque
3605 1821 3875 1893 ὁμοοῦσια,

480 1919 746 1988 licerent,
805 1921 904 1992 qui
962 1921 1232 1992 quamvis
1298 1922 1513 1994 pietate
1587 1922 2128 1988 cohonestarentur,

485 2025 830 2082 morumque
861 2009 1239 2082 simplicitate
1297 2013 1641 2082 gauderent,
1699 2015 2010 2068 verborum
2042 2017 2127 2068 ta-

481 2114 617 2154 men
649 2099 909 2170 strophis
935 2116 1038 2156 seu
1072 2101 1502 2158 inversionibus
1531 2111 1584 2158 et
1615 2101 1950 2176 sophisticis
1971 2119 2129 2158 com-

477 2187 710 2259 pendiis
767 2189 1228 2262 haudquaquam
1292 2191 1682 2260 invigilarent,
1754 2192 2130 2264 dicentesquc

477 2277 628 2332 nihil
658 2293 784 2334 esse
815 2279 1174 2336 discriminis
1200 2281 1352 2337 inter
1381 2279 1700 2353 ὁμοούσιον,
1724 2279 2040 2353 ὁμοιούσιον
2073 2285 2130 2338 et

477 2363 692 2438 ὅμοιον,
741 2369 1178 2442 cavendumque
1236 2369 1406 2427 nobis
1461 2387 1608 2438 esse,
1670 2386 1743 2426 ne
1802 2371 2126 2427 dictionum

477 2457 732 2512 novitate
759 2457 1039 2514 scandala
1065 2458 1340 2516 Ecclesiis
1394 2461 1799 2517 suborirentur
1853 2468 1907 2517 et
1937 2461 2127 2518 coale-

477 2549 754 2602 scerent:
814 2563 1067 2619 quarum
1126 2549 1362 2621 quidem
1430 2549 1754 2607 dictionum
1839 2550 2126 2607 lenocinio

476 2634 798 2708 impietatis
855 2654 1047 2694 escam
1106 2639 1494 2710 obducebant,
1578 2639 1914 2710 multosque
1966 2640 2126 2697 exitii

477 2724 746 2783 cassibus
777 2726 1183 2800 implicabant.

1103 2889 1266 2949 CAP.
1296 2890 1500 2950 XXIX.

473 3027 546 3085 De
579 3033 1064 3110 Sentiarianorum
1094 3037 1455 3110 proceribus:
1509 3037 1760 3110 falsaque
1784 3109 1788 3110 ί
1815 3035 2118 3092 dictio-num

679 3103 978 3178 ὁμοουσίου
1006 3115 1056 3163 et
1086 3103 1406 3180 operouaiou
1446 3103 1913 3182 Interpretatione.

2253 1904 2361 1961 hoc
2391 1910 2479 1962 est
2507 1906 2771 1962 essentia
2823 1908 3237 1964 communione
3264 1910 3598 1966 constantia
3625 1912 3736 1968 dici
3781 1929 3876 1985 po-

2241 2000 2456 2051 terunt.
2515 1997 2909 2067 Quaecumque
2965 2013 3099 2053 vero
3169 1998 3402 2054 termini
3477 2001 3710 2073 capacia
3766 2020 3871 2058 non

2240 2093 2397 2152 sunt,
2433 2088 2575 2156 puta
2602 2083 2860 2140 hominis
2889 2083 2974 2140 vel
3003 2085 3277 2142 animalis
3327 2085 3594 2159 alicujus,
3648 2090 3871 2147 nomine

2239 2179 2436 2229 autem
2467 2174 2590 2229 solo
2614 2173 2882 2230 homines
2910 2173 3000 2230 vel
3031 2175 3269 2248 aliquod
3304 2176 3456 2233 aliud
3505 2178 3714 2234 animal
3767 2198 3874 2254 ap-

2241 2261 2553 2333 pellantur,
2585 2263 2668 2318 ita
2698 2279 2804 2319 nec
2841 2263 3110 2320 homines
3160 2267 3394 2337 preprie
3446 2283 3544 2322 nec
3595 2267 3872 2324 animalia

2243 2352 2356 2408 dici
2388 2369 2422 2409 a
2451 2369 2752 2425 quoquam
2793 2356 3069 2426 poterunt
3096 2370 3110 2408 :
3146 2358 3327 2427 atque
3355 2355 3438 2411 ita
3465 2372 3563 2412 nec
3605 2356 3876 2428 epse-35m

2239 2442 2820 2514 vocabuntur,qualis
2841 2447 2930 2499 est
2950 2443 3144 2515 pictus
3189 2459 3382 2516 equus
3421 2449 3480 2501 et
3515 2445 3713 2515 homo;
3746 2448 3884 2519 quia

2246 2531 2526 2588 nimirum
2560 2548 2632 2588 ne
2661 2535 2730 2588 ad
2763 2534 3011 2589 formam
3039 2533 3278 2606 quidem
3309 2551 3478 2590 suam
3527 2537 3875 2606 referuntur,

2239 2638 2347 2678 nec
2379 2621 2595 2695 proprii
2648 2622 2885 2679 termini
2953 2625 3191 2696 capacia
3242 2629 3400 2692 sunt,
3455 2631 3598 2698 puta
3654 2628 3880 2685 ratione

2236 2710 2486 2782 praediti,
2515 2715 2574 2767 et
2603 2712 2778 2768 morti
2805 2711 3066 2778 obnoxii,
3126 2716 3302 2784 atque
3357 2714 3570 2770 mentis
3594 2715 3878 2773 scientias-

2233 2816 2348 2872 que
2378 2815 2620 2872 capaces
2654 2817 2667 2856 :
2697 2799 2786 2856 vel
2815 2801 2994 2857 etiam
3026 2801 3351 2874 hinnibilis,
3384 2804 3729 2878 rationeque
3786 2824 3880 2863 ca-

2233 2891 2436 2948 rentis.
2495 2890 2785 2962 Quidquid
2842 2890 2999 2946 enim
3074 2891 3145 2946 ad
3193 2891 3448 2948 hominis
3510 2894 3768 2966 alicujus
3798 2897 3880 2952 vel

2230 2981 2367 3052 equi
2425 2979 2875 3037 similitudinem
2934 2983 3252 3038 statuarius
3307 2985 3723 3052 ell'ormaverit,
3783 2989 3882 3042 de-

2231 3069 2549 3142 pinxeritve
2579 3071 2784 3142 pictor,
2820 3071 3121 3128 hominem
3181 3071 3420 3144 quidem
3478 3074 3671 3132 dicere
3721 3081 3883 3149 pote-

2233 3161 2332 3226 ris,
2367 3159 2508 3232 quia
2555 3161 2742 3231 ﬁgura
2791 3160 3038 3217 formam
3101 3161 3328 3218 imitata
3390 3163 3512 3232 sit;
3573 3169 3636 3220 at
3690 3167 3886 3224 minus

541 3267 671 3324 Jam
694 3284 827 3324 vero
853 3269 952 3341 qui
983 3269 1120 3326 talia
1141 3271 1570 3344 contingebant,
1603 3287 1864 3342 proceres
1913 3270 2114 3342 impie-

2243 3251 2482 3323 proprie,
2511 3251 2611 3305 sed
2632 3250 2872 3306 abusive
2894 3256 2952 3306 et
2970 3251 3293 3323 eaquivoce;
3315 3269 3420 3309 nec
3438 3253 3595 3310 enim
3619 3257 3882 3326 ejusdem

471 3356 610 3409 tatis
642 3358 1024 3429 primariique
1055 3365 1318 3416 auctores
1378 3371 1566 3430 erant,
1620 3365 1686 3416 ut
1743 3361 1842 3433 qui
1875 3365 2114 3416 caeteros

469 3442 526 3498 id
561 3445 842 3516 temporis
871 3446 1170 3503 haereticos
1230 3449 1509 3520 religione
1563 3451 1940 3524 doctrinaque
1967 3468 2116 3524 prae-

468 3531 762 3588 cellerent.
795 3533 1098 3603 Eusebius,
1131 3536 1397 3609 inquam,
1458 3537 1830 3608 Nicomedia},
1887 3545 1945 3596 ct
1997 3541 2114 3595 Eu-

469 3621 667 3678 sebius
700 3622 993 3692 Caesareae,
1033 3641 1159 3698 quae
1192 3626 1251 3680 in
1285 3625 1590 3683 Palaestina
1618 3632 1728 3695 est,
1761 3627 1812 3684 is
1869 3627 1970 3700 qui
2021 3646 2111 3685 ec-

473 3709 861 3770 clesiasticam
892 3715 1240 3788 conscripsit
1260 3714 1564 3772 historiam
1595 3735 1610 3787 ;
1637 3717 1928 3790 Theognis
1973 3719 2111 3775 item

471 3799 696 3868 Nicena,
731 3809 783 3857 et
811 3803 1022 3871 caeteri,
1053 3803 1155 3876 qui
1187 3803 1394 3861 horum
1422 3805 1726 3862 sententiis
1773 3817 1830 3862 et
1885 3805 2115 3878 placitis

470 3889 946 3948 subscribebant.
1013 3895 1222 3966 Magna
1296 3893 1450 3950 enim
1531 3909 1666 3951 cum
1748 3895 2116 3969 impudentia

471 3977 764 4050 ὁμοούσιον
795 3981 866 4036 de
911 3981 1254 4054 corporibus
1311 3984 1542 4056 proprie
1589 3983 1835 4058 intelligi
1888 3989 1944 4042 et
1999 3985 2114 4043 diei

468 4069 920 4140 profitebantur,
976 4078 1035 4127 ut
1093 4071 1163 4127 de
1217 4071 1449 4130 homine
1494 4078 1552 4129 et
1600 4076 1816 4131 caeteris
1847 4076 2113 4132 animali-

466 4157 602 4226 bus,
635 4159 705 4214 de
765 4159 1073 4216 arboribus
1123 4161 1262 4218 item
1321 4163 1379 4218 et
1437 4161 1650 4235 plantis
1703 4181 1873 4221 omne
1903 4181 2110 4237 genus,

467 4245 682 4316 quibus
703 4249 1150 4307 communicatio
1207 4255 1265 4307 et
1316 4255 1478 4308 ortus
1537 4270 1605 4308 ex
1658 4253 1948 4310 similibus
1980 4263 2108 4312 est:

472 4331 792 4408 ὁμοιούσιον
826 4343 1018 4396 autem
1053 4341 1226 4396 rebus
1258 4339 1616 4414 incorporeis
1674 4342 1915 4399 insitum
1959 4359 2108 4414 esse,

467 4427 528 4480 et
556 4425 627 4482 de
658 4426 804 4499 ipsis
835 4428 1063 4500 proprie
1095 4429 1229 4496 dici,
1257 4438 1319 4485 ut
1343 4430 1414 4486 de
1446 4429 1557 4486 Deo
1597 4435 1654 4488 et
1707 4431 1934 4504 angelo,
1969 4433 2109 4490 item

469 4513 542 4569 de
573 4519 822 4588 utroque
853 4517 1088 4590 propria
1117 4518 1176 4572 in
1209 4518 1464 4575 essentia
1495 4519 1812 4577 intellecto.

2234 3356 2367 3396 cum
2395 3341 2578 3396 forma
2611 3339 2968 3396 deﬁnitionis
2991 3342 3283 3413 particeps
3326 3349 3452 3400 est:
3503 3344 3640 3414 quia
3682 3352 3885 3404 statua

2229 3445 2347 3484 non
2369 3437 2455 3486 est
2479 3428 2692 3485 animal
2713 3428 2937 3486 ratione
2959 3431 3292 3502 preditum,
3328 3432 3502 3488 morti
3537 3433 3880 3503 obnoxium,

2230 3518 2448 3574 mentis
2479 3522 2534 3574 et
2567 3519 2820 3574 scientia
2851 3535 3069 3592 capax;
3106 3536 3211 3576 nec
3257 3521 3433 3577 etiam
3465 3522 3773 3582 hinnibilis
3815 3534 3882 3583 et

2228 3609 2585 3680 quadrupes,
2618 3608 2811 3680 qualis
2840 3612 2929 3665 est
2958 3610 3118 3665 vivus
3147 3625 3352 3682 equus,
3387 3627 3493 3668 nec

2356 3807 2825 3881 Quadrupedante
2849 3811 3069 3881 putrem
3099 3811 3287 3868 sonitu
3317 3809 3492 3884 quam
3519 3810 3730 3882 ungula

2905 3897 3181 3954 campum.

2299 4068 2440 4125 [line
2470 4085 2607 4143 ergo
2640 4070 3038 4142 consequitur,
3069 4075 3135 4127 ut
3165 4071 3663 4144 quemadmodum
3707 4072 3900 4131 nobis

2223 4158 2843 4232 hominibus,itemque
2863 4159 3112 4230 singulis
3139 4161 3384 4232 angelis,
3418 4163 3690 4236 ipsisque
3743 4164 3904 4220 adeo

2223 4248 2598 4316 animalibus,
2633 4264 2747 4305 una
2775 4249 3065 4322 quaepiam
3099 4253 3370 4323 spcciﬂca
3403 4253 3669 4307 essentia
3711 4251 3908 4308 insita

2223 4341 2312 4392 est
2345 4354 2359 4393 :
2394 4337 2475 4392 ita
2502 4337 2677 4393 etiam
2710 4337 2767 4392 in
2801 4338 2990 4394 tribus
3031 4339 3322 4410 personis,
3373 4343 3558 4410 Patre,
3605 4341 3908 4414 inquam,

2225 4426 2387 4494 Filio,
2421 4434 2474 4483 et
2501 4427 2718 4499 Spiritu
2768 4431 2993 4496 sancto,
3028 4443 3144 4484 una
3174 4429 3450 4497 essentia,
3483 4429 3816 4498 divinitas,
3847 4437 3912 4486 et

2224 4520 2434 4572 natura
2461 4515 2624 4571 insit.
2681 4520 2755 4572 At
2809 4516 2996 4588 impii,
3055 4516 3139 4572 illi
3171 4517 3430 4588 Eusebii,
3460 4517 3912 4576 haereticorum

539 4601 608 4660 Et
637 4605 904 4676 quamvis
938 4606 1050 4662 sibi
1074 4605 1216 4662 satis
1233 4609 1451 4664 conscii
1499 4615 1698 4666 essent
1719 4611 2016 4668 veritatem
2047 4627 2110 4668 se
2142 4601 2187 4667 D
2218 4605 2506 4679 ρι’ἱῐῐιὶὶίω.
2536 4607 2676 4662 dum
2708 4605 3056 4662 vocabulum
3089 4606 3239 4663 Deus
3307 4609 3507 4680 prima!
3557 4611 3767 4680 patris
3813 4626 3920 4666 es-

465 4689 577 4746 alio
601 4694 770 4750 modo
802 4692 1032 4763 habere,
1087 4693 1250 4751 {alsia
1311 4700 1504 4753 tamen
1565 4699 2111 4758 ratiocinationibus
2219 4695 2418 4751 sentiae
2443 4695 2733 4762 tribuunt,
2765 4711 3022 4768 eumque
3052 4695 3295 4752 alterius
3342 4698 3639 4766 essentiec,
3713 4706 3918 4774 atque

463 4781 876 4849 abutebantur,
911 4787 977 4839 ut
1006 4799 1104 4840 eos
1135 4783 1306 4840 dictis
1329 4786 1456 4842 suis
1489 4787 1799 4860 irretirent,
1833 4791 1932 4862 qui
1990 4808 2110 4848 ver-

458 4872 664 4930 borum
701 4889 944 4929 suorum
1003 4890 1242 4931 sensum
1301 4876 1536 4948 assequi
1621 4893 1734 4933 non
1815 4883 2102 4952 poterant.

2218 4783 2621 4842 alteriusitem
2662 4783 2874 4839 Filium
2930 4785 3100 4856 quasi
3157 4785 3517 4857 quibusdam
3590 4791 3922 4860 gradibus

2215 4891 2343 4932 esse
2372 4877 2658 4943 statuunt,
2691 4871 2986 4946 ὁμοούσιον
3019 4875 3254 4946 quidem
3315 4875 3632 4948 abrogant,
3703 4895 3928 4954 eoque

457 4962 943 5036 Quandoquidem
973 4979 1042 5020 ea
1071 4980 1200 5036 quae
1258 4965 1582 5022 obtrudunt
1639 4967 1904 5039 puerilia,
1935 4973 1992 5025 et
2029 4970 2102 5027 ab
2212 4981 2316 5038 pro
2347 4962 2496 5019 virili
2522 4966 2682 5034 parte
2713 4961 3078 5032 adnituntur,
3137 4979 3208 5020 ne
3265 4981 3381 5035 qua
3437 4962 3609 5022 illius
3661 4970 3928 5024 mentio

453 5051 724 5111 Ecclesiae
754 5069 932 5111 sensu
957 5052 1148 5112 aliena
1199 5058 1360 5111 sunt.
1413 5053 1527 5112 Nec
1583 5055 1738 5112 enim
1773 5073 1967 5113 rerum
2000 5077 2103 5132 ap-
2211 5052 2469 5126 supersit
2503 5051 2738 5108 :atleco
2761 5050 2920 5109 illius
2943 5050 3142 5125 ὅμοιον
3185 5057 3240 5108 et
3282 5052 3614 5125 ὁμοιούσιον
3677 5058 3932 5114 obtru-

448 5144 783 5216 parentium
829 5143 1072 5200 nomina
1122 5143 1334 5218 seipsis
1390 5144 1532 5202 solis
1571 5144 2102 5206 circumscribenda
2207 5144 2373 5214 dunt,
2407 5140 2541 5199 etsi
2574 5157 2689 5198 non
2742 5141 2954 5214 reipsa,
3014 5141 3222 5198 saltem
3279 5141 3455 5198 verbo
3515 5142 3766 5202 Filium
3837 5164 3938 5203 εεο

449 5237 589 5291 sunt
619 5255 634 5306 ;
669 5233 770 5291 sed
804 5233 876 5290 ad
935 5251 1002 5290 ea
1058 5249 1294 5307 quoque
1349 5235 1728 5305 traducenda,
1763 5253 1890 5308 quae
1930 5235 2099 5294 intel-
2207 5233 2400 5290 sentia
2427 5230 2586 5286 Patri
2617 5228 2868 5286 similem
2899 5230 3263 5302 profitentur.
3304 5230 3414 5286 Sed
3473 5231 3548 5286 de
3611 5232 3732 5290 his
3769 5240 3936 5292 tunc

443 5321 599 5382 lectu
634 5323 1057 5397 percipiuntur.
1089 5325 1250 5390 Quod
1281 5324 1437 5382 enim
1503 5325 1640 5382 inde
1691 5326 2092 5398 subveremur,
2206 5321 2465 5398 apertius
2487 5319 2893 5388 tractabimus,
2930 5336 3063 5375 eum
3089 5321 3156 5375 ad
3182 5319 3302 5374 Arii
3338 5319 3600 5392 ejusque
3632 5340 3937 5383 consor—

443 5413 771 5479 periculum
805 5413 1036 5471 nullum
1094 5430 1338 5486 prorsus
1367 5418 1476 5486 est,
1529 5414 1640 5470 nisi
1670 5431 1785 5487 qua
1816 5415 1876 5472 in
1926 5421 2092 5489 parte
2201 5414 2351 5471 tium
2383 5417 2440 5468 et
2462 5407 2818 5466 asseclarum
2843 5409 3148 5482 opiniones
3172 5407 3515 5465 refutandus
3571 5417 3934 5486 aggredie—

441 5495 805 5558 intellectum
863 5504 1060 5576 ipsum
1121 5503 1481 5560 mutilemus.
1539 5505 1597 5560 Si
1655 5505 1789 5576 quis
1837 5507 1992 5562 enim
2019 5507 2090 5563 de
2203 5503 2469 5561 mur.Bic
2499 5507 2692 5556 autem
2753 5498 2916 5555 locus
2947 5499 3228 5572 postulat,
3262 5504 3327 5554 ut
3374 5515 3442 5554 ea
3499 5515 3933 5563 commemo—

442 5584 664 5651 angelis
690 5588 1150 5666 ὁμοουσιοτητας,
1186 5593 1290 5650 hoc
1335 5599 1447 5662 est,
1505 5595 2085 5654 consubstantialita-

2243 5611 2417 5668 mnus,
2452 5609 2578 5665 quis
2630 5591 2702 5648 de
2744 5591 2910 5648 Aetio
2941 5595 2999 5648 et
3029 5589 3312 5648 Eunomio
3336 5589 3938 5654 circumferuntur.

437 5668 732 5737 tem,imo
789 5691 922 5737 vero
969 5683 1042 5740 de
1095 5681 1316 5755 plantis
1373 5683 1550 5743 etiam
1608 5688 1668 5742 et
1726 5685 2084 5746 animalibus
