4058 6212
306 366 464 428 1389

960 498 1116 553 CAP.
1145 495 1307 552 ΧΧΧ.

312 587 386 641 De
418 588 680 644 Actianus
707 593 755 643 et
785 586 1080 650 Anomaeis,
1109 587 1305 658 quibus
1363 587 1708 642 Eunomiani
1745 604 1958 658 quoque

385 669 763 716 accensentur.
829 660 970 714 Aelii
1025 658 1137 713 vita
1195 664 1248 714 et
1300 660 1561 715 moribus.
1607 659 1877 729 Stephani
1904 670 1959 715 et

377 735 586 801 Onagri
613 733 900 788 tendicutis
933 733 988 785 in
1025 734 1296 799 episcOpos
1347 732 1556 801 aliquot
1599 731 1941 786 orthodoxae.

373 807 592 886 Leontio
651 806 876 860 evirato.
939 802 1389 873 Antiphonar-um
1451 801 1957 858 ecclesiasticarum

378 892 614 947 origine.

375 969 510 1032 Quae
541 967 610 1021 de
642 965 802 1020 Aetio
856 968 911 1018 et
974 963 1257 1018 Eunomio
1319 964 1832 1033 circumferuntur,
1893 981 1960 1021 ea

302 1057 613 1130 Gregorius
644 1055 883 1126 quidem
942 1052 1258 1124 Nyssenus,
1323 1053 1784 1124 Theodorusque
1836 1054 1956 1110 Mo-

303 1151 657 1220 psuestenns
711 1141 1006 1213 pluribus,
1065 1139 1429 1212 Epiphanius
1513 1151 1703 1197 autem
1764 1141 1957 1214 Cypri,

301 1235 687 1293 Theodoritus
716 1233 867 1305 Cyri,
900 1237 956 1287 et
996 1232 1520 1288 ecclesiasticarum
1568 1232 1956 1288 Historiarum

305 1327 622 1398 scriptores
655 1322 1142 1380 succinctioribus
1195 1323 1386 1380 verbis
1446 1323 1738 1394 prosecuti
1797 1327 1955 1392 sunt,

308 1431 375 1471 ex
407 1415 622 1488 quibus
654 1414 929 1469 omnibus
962 1430 1028 1469 ea
1062 1412 1308 1468 mutuati
1358 1430 1585 1482 sumus,
1631 1430 1757 1485 quas
1791 1415 1958 1470 nobis

307 1505 543 1560 utiliora
574 1508 627 1559 et
660 1502 1187 1559 accommodatiora
1216 1505 1340 1558 visa
1365 1507 1524 1558 sunt.

368 1593 674 1650 Sciendum
716 1593 912 1664 itaque
944 1601 1049 1658 est,
1082 1592 1309 1648 Aetium
1358 1591 1699 1661 Antiochiae,
1730 1609 1856 1664 quas
1897 1593 1956 1648 in

301 1684 469 1756 Syria
500 1688 608 1750 est,
642 1688 837 1737 ortum
873 1681 1074 1748 fuisse,
1109 1687 1302 1752 atque,
1332 1687 1395 1737 ut
1420 1681 1718 1754 Nyssenus
1759 1689 1960 1737 auctor

305 1778 414 1842 est,
450 1772 681 1827 mulieri
741 1771 974 1826 cuidam
1039 1771 1331 1842 Ampelidi
1389 1771 1624 1828 nomine
1668 1771 1956 1838 serviisse,

1654 363 2060 428 THESAURI
2104 367 2250 428 LIB.
2297 369 2370 430 V.

3563 378 3720 440 I390

1990 501 2043 566 Α
2074 499 2173 556 ille
2200 501 2548 573 Stephanus,
2575 503 2670 572 qui
2705 519 2819 559 non
2851 504 3133 561 haereseos
3165 506 3355 563 solum
3398 507 3720 567 antistitem

2071 605 2133 643 se
2166 591 2434 661 praebuit,
2495 608 2696 648 verum
2752 595 3063 648 innumera
3119 611 3352 667 quoque
3407 597 3520 653 alia
3572 600 3723 654 mala

2071 679 2418 751 designavit,
2449 681 2669 737 nullam
2702 700 2815 738 non
2849 685 3118 751 nequitias
3162 685 3552 758 lmditatisque
3601 708 3725 760 spe-

2070 765 2216 822 ciem
2251 773 2592 837 persecutus
2627 769 2762 840 :qui
2789 769 3064 826 lectorem
3093 773 3408 842 quemdam
3441 774 3722 832 scelerum

2069 871 2311 911 suorum
2343 857 2760 912 administrum
2793 863 2850 914 et
2880 865 3155 930 tanquam
3189 862 3566 918 emissarium
3627 866 3724 922 ha-

2070 945 2250 1009 beret,
2284 947 2384 1016 qui
2418 962 2485 1002 ea
2515 947 2586 1002 de
2619 964 2793 1004 causa
2823 948 3054 1021 Onager
3083 954 3451 1022 perapposito
3487 954 3722 1010 nomine

2070 1036 2392 1106 dicebatur,
2444 1038 2614 1109 cujus
2675 1055 2850 1111 opera
2908 1038 3005 1095 ille
3062 1040 3318 1098 fabulam
3379 1042 3719 1114 hujusmodi

2069 1126 2317 1183 adorsus
2349 1136 2453 1183 est.

2141 1216 2328 1270 Finita
2387 1216 2717 1274 Sardicensi
2775 1221 2996 1292 synodo
3067 1220 3354 1278 Constans
3439 1224 3569 1295 pius
3621 1223 3718 1280 ille

2071 1303 2467 1360 Romanorum
2527 1305 2842 1378 imperator
2896 1308 2969 1363 ad
3052 1324 3396 1379 germanum
3487 1313 3717 1369 fratrem

2070 1407 2240 1448 suum
2273 1395 2676 1450 Constantium
2709 1412 2886 1466 super
2916 1396 3232 1452 Athanasio
3264 1409 3314 1452 et
3352 1401 3529 1455 Paulo
3577 1402 3719 1455 scri-

2015 1553 2018 1556 _
2071 1489 2286 1554 pserat.
2323 1485 2570 1540 Litteras
2602 1485 2929 1557 Euphratae
2959 1492 3016 1542 et
3064 1488 3400 1544 Vincentius
3459 1489 3717 1561 episcopi

2071 1588 2188 1627 una
2215 1588 2348 1627 cum
2379 1573 2577 1629 Saliae
2611 1573 2864 1630 militum
2897 1576 3137 1632 ductore
3179 1577 3557 1649 pertulerant.
3611 1580 3719 1646 Qui

2069 1677 2202 1718 cum
2233 1661 2602 1718 Antiochiam
2660 1663 3043 1734 appulissent,
3106 1666 3204 1721 ubi
3251 1667 3629 1724 Constantius
3660 1668 3718 1722 id

2069 1751 2350 1822 temporis
2380 1757 2558 1820 esset,
2593 1753 2651 1807 in
2715 1753 3037 1824 hospitium
3097 1755 3478 1814 diverterunt.
3529 1757 3723 1812 Detes-

306 1841 437 1917 cum
474 1861 736 1917 fabrilem
766 1867 950 1916 artem
980 1841 1287 1929 exerceret,
1321 1878 1615 1934 parvoque
1665 1861 1873 1916 malleo
1904 1865 1961 1917 et
1992 1855 2037 1921 B
2069 1841 2285 1896 ίθηάυθ
2345 1846 2539 1934 {inti-’3‘
2599 1842 2937 1934 δίθμδδηιξε
2996 1845 3209 1934 Οηξιϐνί
3263 1862 3437 1917 Opem
3464 1849 3722 1903 ῐηθτθίνί-

303 1968 478 2023 parva
510 1951 721 2006 incude
753 1968 890 2005 vasa
915 1967 1063 2006 aerea
1097 1951 1306 2005 detrita
1353 1951 1678 2018 resarciret,
1713 1955 1834 2006 tum
1871 1952 1950 2006 fo-

302 2040 530 2095 ramina
557 2040 866 2104 obturans,
899 2044 1021 2096 tum
1086 2040 1470 2112 liquefactum
1529 2045 1808 2096 stannum
1867 2041 1950 2096 eis

297 2129 644 2196 infundens,
713 2128 971 2185 lebetum
1048 2128 1300 2200 denique
1379 2129 1675 2186 ventribus
1757 2129 1950 2185 infuso

300 2214 541 2289 plumbo
582 2218 932 2274 mederetur.
967 2216 1037 2273 Ut
1064 2223 1256 2274 autem
1321 2217 1806 2290 Mopsuestisnsis
1846 2235 1949 2274 au-

303 2311 428 2361 ctor
457 2311 563 2376 est,
599 2316 759 2378 patre
795 2307 890 2363 ille
921 2307 1105 2362 libero
1138 2308 1399 2380 quidem,
1432 2313 1491 2363 at
1547 2310 1788 2364 auriﬁce
1849 2325 1951 2380 pa-

301 2393 632 2464 pilionario,
671 2396 774 2451 hoc
799 2402 905 2461 est,
937 2397 1162 2450 aedibus
1186 2401 1441 2464 earente,
1475 2398 1574 2452 sed
1595 2397 1950 2468 papilionem

299 2498 399 2537 seu
436 2482 879 2538 tabernaculum
915 2483 1052 2555 pilis
1085 2483 1301 2540 etsetis
1325 2489 1685 2552 contextum,
1712 2485 1952 2558 ideoque

299 2570 431 2638 vile,
464 2571 932 2641 circumferente,
965 2578 1136 2642 atque
1195 2574 1335 2628 adeo
1395 2573 1866 2643 circumforaneo,
1901 2585 1955 2632 et

301 2659 564 2714 minutiis
595 2659 952 2731 quibusdam
1008 2661 1346 2733 frivolisque
1404 2662 1680 2734 operibus
1735 2663 1952 2720 victum

298 2746 360 2802 in
393 2747 544 2802 diem
580 2747 693 2803 sibi
725 2754 1125 2822 comparante,
1184 2756 1358 2807 natus
1410 2757 1521 2808 est.
1580 2753 1757 2816 Quem
1818 2771 1951 2809 cum

301 2835 455 2892 {llius
488 2843 848 2909 sequeretur,
910 2854 1044 2894 eum
1098 2839 1158 2894 in
1224 2839 1528 2896 artificiolo
1573 2841 1680 2896 hoc
1725 2860 1830 2898 suo
1865 2844 1952 2896 in-

302 2925 538 2992 struxit,
572 2927 688 2982 imo
724 2943 854 2982 vero
915 2928 1122 3000 primis
1187 2946 1419 3000 quoque
1479 2930 1804 2988 litterarum
1863 2950 1955 2987 ru-

303 3016 579 3072 dimentis
613 3017 777 3072 illum
813 3019 1118 3074 instituere
1153 3025 1394 3075 conatus
1453 3033 1554 3090 est,
1593 3027 1955 3094 eatenusque

303 3107 682 3175 promovit,ut
711 3111 1120 3163 contractuum
1144 3109 1319 3164 verba
1359 3110 1688 3166 describere
1734 3117 1951 3182 posset.

298 3195 457 3259 Quod
491 3203 683 3252 autem
743 3198 940 3253 Aetius
1000 3199 1223 3254 aurifex
1281 3199 1479 3266 fuerit,
1536 3201 1662 3272 ejus
1723 3218 2026 3298 quoquee

303 3301 543 3342 consors
596 3287 1024 3360 Philostorgius
1083 3289 1250 3346 tertio
1312 3288 1569 3346 Historias
1627 3308 1744 3346 suae
1803 3292 1950 3348 libro

303 3381 638 3431 auctorest:
662 3399 680 3425 ι
699 3378 843 3432 Cum
868 3380 1096 3457 itaque,
1122 3379 1333 3450 inquit,
1368 3379 1630 3436 animum
1649 3381 1846 3436 Aetius
1878 3382 1948 3435 ad

304 3464 631 3520 auriﬁeium
653 3466 998 3537 appulisset,
1035 3484 1306 3523 summus
1324 3469 1510 3524 evasit
1531 3470 1772 3527 aurifex.
1805 3470 1950 3525 Cum

302 3557 494 3608 autem
529 3571 770 3625 aperum
806 3555 918 3610 sibi
951 3558 1401 3613 commissorum
1427 3558 1739 3630 quodpiam
1791 3559 1952 3615 adul-

302 3646 570 3711 terasset,
603 3644 859 3714 acribus,
895 3656 952 3700 ut
978 3664 1083 3718 par
1104 3651 1211 3715 est,
1273 3647 1472 3718 flagris
1521 3648 1812 3704 dissectus
1843 3652 1951 3706 est.

307 3730 509 3788 Postea
541 3749 671 3788 cum
703 3750 764 3790 se
797 3734 905 3791 hac
938 3742 1059 3791 arte
1115 3738 1371 3792 tenuiter
1420 3738 1589 3808 juxta
1633 3744 1689 3793 et
1720 3739 1953 3794 sordide

299 3821 869 3886 vivere,christianos
900 3832 1099 3882 autem
1133 3844 1368 3882 summa
1397 3844 1530 3883 cum
1593 3828 1956 3884 humanitate

302 3915 561 3984 quosvis,
593 3916 836 3971 maxime
899 3922 1098 3972 autem
1157 3935 1276 3973 sua
1336 3917 1632 3989 religionis
1691 3918 1957 3972 homines

304 4003 568 4071 excipere
598 4003 838 4070 videret,
900 4009 1022 4060 arte
1081 4004 1301 4072 relicta,
1337 4011 1675 4075 mutatoque
1733 4003 1955 4069 habitu,

304 4088 769 4160 philosophicam
831 4094 1004 4159 atque
1084 4093 1225 4146 adeo
1315 4092 1694 4146 christianam
1779 4090 1956 4145 vitam

303 4177 644 4242 ementitus,
700 4177 922 4232 multos
980 4177 1236 4234 asseclas
1287 4179 1524 4233 invenit.
1615 4179 1762 4233 Tum
1824 4195 1958 4234 vero

300 4266 714 4321 Alexandriam
745 4269 1063 4338 profectus,
1099 4283 1229 4321 cum
1292 4283 1507 4338 paucos
1567 4266 1791 4337 aliquot
1836 4267 1959 4322 dies

301 4354 696 4411 Aristotelicis
717 4355 968 4428 argutiis
1000 4356 1326 4412 ediscendis
1357 4357 1739 4428 transegisset
1787 4360 1960 4428 atque

301 4445 523 4516 aliquis
555 4460 683 4500 esse
704 4445 1019 4514 videretur,
1052 4462 1175 4516 quas
1200 4444 1460 4501 hominis
1506 4444 1755 4513 indoles,
1805 4445 1960 4502 dica-

303 4537 450 4594 citas
478 4542 534 4594 et
561 4538 923 4610 impudentia
942 4544 1086 4605 erat,
1121 4555 1236 4594 non
1263 4555 1481 4611 paucos
1525 4537 1765 4595 laudum
1825 4556 1964 4596 sva—

2068 1946 2190 1988 cem
2225 1931 2522 1995 conduxit,
2557 1937 2847 2001 noctuque
2886 1930 2947 1984 in
3005 1931 3404 2002 episcoporum
3457 1935 3718 1992 diverso-

2064 2022 2218 2075 rium
2253 2019 2538 2073 introduci
2563 2018 2743 2087 jussit
2777 2034 2788 2072 :
2823 2024 2998 2088 atque
3023 2023 3306 2089 quosdam
3351 2022 3710 2089 subornavit,

2063 2111 2162 2182 qui
2197 2108 2552 2164 meretricem
2585 2123 2716 2161 cum
2751 2106 3040 2178 episcopis
3062 2124 3190 2164 esse
3220 2107 3711 2168 clamarent.Cum

2063 2203 2255 2254 autem
2288 2196 2554 2253 fortiores
2585 2199 2782 2250 essent
2834 2195 3114 2267 episcopi,
3146 2212 3467 2269 eorumque
3515 2205 3711 2254 contu-

2063 2287 2351 2352 bernales,
2384 2291 2440 2343 et
2473 2285 2836 2342 meretricem
2870 2290 2926 2341 et
2955 2287 3083 2358 ejus
3113 2287 3493 2344 administros
3531 2288 3586 2344 vi
3617 2288 3712 2344 de-

2063 2378 2388 2434 tinuerunt.

2134 2467 2266 2531 Qua:
2310 2467 2509 2523 fabula
2566 2467 2742 2523 simul
2801 2471 2976 2538 atque
3033 2467 3102 2522 ad
3161 2466 3480 2524 Constantii
3536 2484 3707 2526 aures

2065 2559 2281 2628 perlata
2313 2562 2400 2612 est
2429 2557 2848 2612 calumniatore
2893 2557 3186 2627 Stephano
3243 2557 3528 2629 deposito,
3591 2575 3706 2615 non

2066 2647 2260 2701 minus
2296 2647 2518 2701 malum
2550 2646 2806 2702 eviratus
2831 2646 3104 2701 Leontius
3127 2645 3186 2700 in
3209 2647 3336 2716 ejus
3367 2646 3557 2702 locum
3594 2647 3713 2702 suf-

2065 2737 2251 2790 fectus
2284 2739 2390 2800 est,
2424 2734 2522 2806 qui
2550 2735 2662 2804 iam
2725 2734 3066 2806 presbyterii
3122 2734 3340 2790 honore
3396 2735 3707 2802 exciderat,

2065 2825 2203 2896 quia
2234 2841 2366 2880 cum
2389 2823 2581 2894 puella
2611 2825 2864 2894 quadam
2886 2822 3141 2878 Eustolia
3173 2825 3407 2879 nomine
3455 2823 3712 2895 quotidie

2064 2913 2839 2984 conversabatur,hujusque
2876 2911 3258 2982 turpitudinis
3317 2914 3710 2983 suspicionem

2063 3023 2093 3059 a
2127 3021 2188 3059 se
2220 3003 2571 3058 amoliturus
2589 3003 2777 3057 virilia
2813 3002 2924 3057 sibi
2973 3007 3374 3072 praseecuerat,
3405 3007 3528 3058 tum
3558 3003 3715 3059 dsin-

2063 3093 2477 3164 cepsliberius
2535 3093 2605 3146 ad
2659 3091 2820 3146 illam
2881 3091 3266 3159 commeabat,
3299 3090 3372 3146 iis
3431 3090 3711 3145 nimirum

2067 3183 2344 3238 membris
2374 3181 2657 3252 privatus,
2686 3197 2813 3251 quas
2831 3181 3141 3236 calumnias
3163 3196 3397 3234 causam
3452 3181 3711 3250 praebue-

2066 3279 2218 3327 rant.
2246 3274 2346 3326 ilic
2381 3286 2517 3341 ergo
2535 3269 2852 3324 Constantii
2877 3269 3249 3340 imperatoris
3272 3285 3446 3338 opera
3488 3273 3546 3323 et
3584 3273 3711 3324 stu-

2061 3361 2156 3416 dio
2187 3360 2256 3416 ad
2292 3359 2716 3414 Antiochenam
2751 3358 3152 3429 episcopatum
3207 3368 3437 3413 evectus
3497 3358 3706 3414 fuerat.

2059 3457 2339 3507 Caeterum
2375 3466 2473 3522 per
2503 3450 2559 3504 id
2625 3453 2855 3519 tempus
2915 3447 3227 3503 Antiochia:
3285 3447 3589 3517 ﬂorebant,
3650 3453 3707 3503 et

2059 3543 2270 3598 virtute
2301 3538 2661 3610 scientiaque
2687 3537 2944 3594 celebres
2987 3537 3350 3594 habebantur
3397 3537 3704 3590 Flavianus

2062 3637 2116 3687 et
2150 3630 2454 3695 Diodorus,
2487 3645 2734 3699 quorum
2766 3628 2860 3683 ille
2918 3626 3276 3681 Antiocheno
3313 3623 3701 3694 episcopatui,

2061 3721 2156 3776 hie
2186 3718 2458 3775 Tarsensi
2491 3722 2689 3786 postea
2721 3718 3026 3786 prazt'ectus
3056 3718 3164 3768 est.
3198 3714 3386 3781 Atque
3419 3715 3481 3764 ut
3511 3709 3706 3764 Theo-

2065 3812 2243 3865 dorus
2269 3808 2715 3877 Mopsuestenus
2749 3802 2971 3866 scribit,
3007 3801 3164 3853 illam
3199 3797 3533 3869 psalmodiis
3579 3815 3710 3871 spe-

2065 3899 2235 3961 ciem,
2269 3911 2416 3966 quas
2448 3891 2729 3962 antiphon
2747 3906 2811 3943 as
2869 3888 3144 3957 dicimus,
3205 3887 3291 3941 illi
3336 3903 3404 3941 ex
3435 3889 3715 3956 Syrorum

2067 3986 2266 4053 lingua
2295 3982 2354 4035 in
2389 3983 2644 4035 Graecam
2668 3977 3118 4040 transtulerunt,
3149 3985 3204 4032 et
3233 3979 3497 4033 omnium
3539 3993 3719 4049 prope

2068 4073 2176 4128 soli
2209 4070 2538 4126 admirandi
2573 4068 2752 4138 hujus
2807 4067 2998 4138 operis
3056 4067 3332 4122 omnibus
3381 4068 3542 4122 orbis
3574 4067 3723 4122 chri-

2069 4159 2244 4217 stiani
2278 4157 2619 4215 hominibus
2649 4161 2931 4212 Auctores
2962 4162 3382 4227 apparuerunt.
3443 4160 3722 4212 Heterou-

2069 4250 2256 4306 siastze
2288 4247 2524 4320 quidem
2585 4251 2758 4314 certe,
2793 4245 2902 4301 hoc
2953 4250 3061 4312 est,
3095 4245 3318 4312 Ariani,
3351 4246 3580 4301 diversa
3630 4246 3722 4300 Fi-

2069 4338 2212 4393 lium
2249 4355 2280 4393 a
2312 4337 2477 4391 Patre
2507 4335 2838 4391 substantia
2868 4351 2995 4389 esse
3054 4333 3334 4399 dicentes,
3379 4334 3458 4388 ita
3515 4350 3722 4390 canere

2071 4427 2371 4482 solebant:
2399 4425 2594 4480 Gloria
2625 4425 2777 4478 Patri
2837 4439 2939 4494 per
2980 4422 3191 4478 Filium
3241 4422 3300 4477 in
3333 4422 3553 4493 Spiritu
3586 4439 3723 4478 san-

2071 4521 2184 4572 cto.
2217 4517 2528 4570 Flavianus
2560 4517 2749 4568 autem
2785 4512 3006 4583 primus
3038 4510 3318 4567 cecinisse
3347 4512 3550 4580 fertur,
3583 4510 3719 4567 Glo-

307 4643 444 4682 rum
470 4599 876 4684 buccinatores
899 4599 1122 4686 habuit.
1157 4599 1301 4683 Cum
1333 4633 1527 4684 autem
1568 4627 1815 4684 eximius
1848 4615 1968 4686 Atrii
2000 4599 2046 4664 Β
2077 4605 2162 4662 ria
2193 4603 2347 4661 Ρθιίτί
2379 4607 2436 4659 et
2469 4601 2609 4658 Filio
2641 4607 2695 4657 et
2727 4600 2972 4673 δρίνίῑυί
3005 4608 3224 4658 “ueto-

314 4715 656 4788 dogmalum
685 4722 1084 4789 propugnator
1111 4717 1409 4784 esset,illis
1441 4717 1677 4790 quidem
1705 4717 1959 4774 subscri-

305 4807 523 4881 psit,ab
549 4806 777 4862 Arianis
800 4823 930 4863 vero
950 4810 1210 4878 secessit,
1245 4808 1401 4880 quod
1446 4809 1647 4862 Arium
1698 4807 1769 4862 ad
1811 4824 1963 4864 com-

303 4897 649 4955 munionem
681 4897 1110 4965 admississent,
1145 4899 1244 4970 qui
1302 4899 1361 4954 ia
1420 4898 1552 4954 ﬁdei
1598 4899 1961 4955 confessione

298 4989 373 5045 ad
409 4985 822 5058 imperatorem
859 4989 1305 5043 Constantinum
1345 4988 1565 5060 scripta
1622 4989 1958 5060 pejerasset,

301 5086 487 5148 atque
518 5075 633 5132 alia
663 5077 946 5149 cogitans,
981 5077 1095 5133 alia
1127 5078 1465 5150 prolocutus
1523 5086 1693 5135 esset.
1757 5079 1962 5135 Postea

295 5183 440 5224 vero
474 5165 822 5221 Alexandria
852 5167 1157 5224 discedens
1214 5167 1582 5224 Antiochiam
1642 5167 1833 5224 natale
1863 5184 1962 5226 so-

285 5258 419 5315 lum
474 5255 668 5321 rediit,
727 5262 900 5326 atque
960 5273 994 5311 a
1053 5257 1294 5313 Leontio
1356 5257 1846 5314 Antiochenorum
1904 5258 1960 5314 id

290 5347 587 5416 temporis
623 5344 894 5418 episcopo
927 5351 1201 5418 exceptus
1233 5349 1338 5402 est.
1386 5348 1432 5401 A
1480 5347 1746 5402 discessu
1805 5346 1959 5401 enim

290 5435 504 5502 magni
525 5434 679 5489 illius
701 5435 1960 5506 Eusthathii,EuphroniusArianus,Eusebii

296 5524 774 5584 Nicomediensis
800 5541 972 5594 opera
995 5525 1042 5579 ei
1068 5527 1420 5596 subrogatus
1456 5529 1565 5580 est.
1601 5523 1959 5596 Euphronio-

297 5631 422 5688 que
465 5614 790 5682 Phlacitus,
855 5614 972 5669 sive
1025 5613 1299 5680 Plaeitus,
1359 5614 1624 5683 ejusdem
1677 5630 1809 5670 cum
1863 5613 1960 5671 illo

299 5708 618 5778 haereseos,
671 5703 976 5762 successit.
1043 5703 1257 5764 Placito
1316 5703 1512 5775 itaque
1568 5703 1962 5775 impiissimus

2691 4691 2844 4746 CAP.
2879 4691 3080 4746 XXXI.

2069 4785 2275 4842 Iterum
2307 4783 2370 4838 de
2402 4781 2552 4838 Act-ii
2581 4789 2631 4837 et
2662 4779 2926 4835 Eunomii
2977 4781 3088 4836 vita
3137 4785 3192 4836 et
3240 4781 3484 4836 moribus
3524 4795 3722 4852 pauca.

2141 4893 2452 4962 Exceptum
2514 4905 2672 4961 ergo,
2732 4892 2796 4944 ut
2842 4889 2968 4960 jam
3030 4888 3255 4944 dictum
3334 4893 3444 4958 est,
3501 4887 3730 4943 Aetium

2073 4982 2352 5039 Leontius
2411 4980 2721 5034 diaconum
2774 4977 3063 5033 ordinavit
3112 4994 3125 5034 :
3187 4977 3277 5033 cui
3365 4993 3498 5033 cum
3559 4975 3728 5034 multi

2071 5069 2554 5136 contradicerent,
2589 5083 2766 5138 seque
2803 5065 2877 5121 ab
2907 5064 3166 5120 Ecclesia
3191 5080 3528 5121 secessuros
3560 5064 3731 5120 mini‘

2073 5162 2450 5228 tarentur,et
2508 5155 2819 5212 Flavianus
2880 5153 2940 5210 in
2998 5153 3204 5228 primis
3241 5153 3641 5226 Diodorusque
3669 5153 3728 5209 id

2073 5253 2261 5309 facere
2343 5249 2655 5314 tentarent,
2721 5244 3014 5317 Aetiisque
3073 5243 3319 5299 haeresin
3396 5247 3731 5316 arguerent,

2074 5340 2349 5397 Leontius
2380 5337 2589 5410 partim
2623 5334 2682 5390 id
2708 5335 2950 5400 veritus,
2983 5332 3166 5405 partis
3196 5349 3328 5389 eum
3359 5333 3434 5389 ad
3484 5349 3551 5388 ea
3599 5350 3729 5404 qua

2076 5432 2398 5486 subsecuta
2452 5433 2588 5480 sunt
2648 5428 3105 5495 praeparaturus,
3165 5438 3300 5478 eum
3343 5439 3378 5477 a
3415 5421 3727 5478 diaconatu

2073 5521 2314 5594 quidem
2375 5514 2639 5580 removit,
2699 5518 2971 5569 caeterum
3032 5512 3315 5583 majorem
3350 5513 3403 5569 ei
3445 5511 3729 5569 honorem

2175 5612 2298 5665 ulit.

2175 5629 2204 5665 υ
2239 5612 2298 5664 it.

2072 5611 2273 5760 desalm
2336 5713 2472 5756 vero
2526 5694 2726 5756 Aetius
2782 5693 3131 5756 temerarius
3187 5698 3244 5753 et
3301 5696 3522 5755 facetus
3581 5693 3726 5758 erat,
