4090 6192
347 387 499 451 1391

347 528 524 594 atque
555 515 810 575 mimicis
864 506 1311 584 thymelicisque
1366 498 1756 565 sermonibus,
1815 494 1992 568 gesti-
2025 496 2078 562 Α

346 593 482 676 bus,
513 615 571 664 et
599 607 857 664 cultibus
890 596 1182 655 indecoris
1214 593 1636 651 oblectabatur.
1695 593 1841 642 Nam
1897 602 1994 640 ve-

348 708 438 758 ste
470 701 537 755 ad
573 702 739 754 nates
771 707 957 764 usque
985 686 1218 745 sublata
1245 683 1516 739 manibus
1575 679 1734 733 nuda
1780 677 1998 732 femora

352 790 636 846 feriebat:
672 783 969 852 alteroque
1028 777 1170 849 pede
1230 774 1461 830 sublato
1521 774 1577 826 et
1633 771 1828 823 ventre
1876 781 1999 836 per-

349 895 546 944 cusso,
580 874 844 946 pedehat.
905 869 966 924 1n
1027 865 1300 923 conviviis
1357 865 1552 917 autem
1585 859 1738 912 inter
1792 859 2000 910 caetera

347 942 696 1024 ludicra‘his
725 959 997 1019 convivas
1029 954 1432 1026 alloquebatur
1479 948 1667 1004 verbis
1703 962 1716 1001 :
1778 944 1838 1000 Si
1881 942 1999 998 vul-

349 1058 449 1127 tis,
483 1054 698 1110 docebo
729 1069 856 1116 vos,
888 1047 1028 1119 quid
1057 1043 1170 1100 sibi
1209 1041 1346 1098 velit
1374 1042 1585 1109 dogma
1617 1054 1632 1105 ;
1667 1045 1779 1091 tum
1812 1034 2000 1088 tribus

353 1121 574 1200 ventris
605 1140 929 1213 crepitibus
963 1133 1257 1191 similibus
1311 1145 1520 1200 magno
1551 1142 1684 1183 cum
1739 1121 1998 1179 anhelitu

352 1233 612 1299 emissis,
671 1231 756 1285 sic
812 1225 1225 1283 exclamabat:
1285 1225 1454 1284 Ecce,
1513 1213 2000 1286 Orthocyllorum,

352 1325 465 1380 hoc
504 1325 591 1378 est
642 1316 1176 1382 Recticlaudorum,
1223 1311 1455 1382 dogma,
1511 1307 1594 1361 sic
1651 1301 2003 1359 orthodoxos

355 1429 460 1486 per
490 1407 1047 1466 transmutationem
1089 1417 1324 1457 vocans.
1388 1395 1602 1453 Deinde
1656 1392 1843 1448 tribus
1874 1390 2005 1446 aliis

357 1500 752 1559 dissimilibus
785 1497 998 1552 elﬂatis
1033 1512 1045 1549 :
1080 1494 1246 1559 Ecce,
1280 1487 1601 1560 inquiebat,
1635 1490 1692 1540 et
1715 1489 2002 1538 nostrum.

359 1592 560 1658 Quoad
595 1605 727 1656 ergo
760 1587 900 1641 vixit
931 1583 1204 1640 Leontius
1263 1578 1495 1634 Aetium
1539 1571 1880 1644 hujusmodi
1915 1571 2004 1624 lu-

360 1681 535 1737 dicris
567 1676 882 1733 ridiculum
944 1672 1099 1744 apud
1158 1686 1218 1724 se
1286 1667 1508 1722 habuit.
1542 1668 1764 1718 Mortuo
1809 1665 2005 1714 autem

364 1769 594 1827 Leontio
624 1765 1048 1820 Antiochenam
1098 1760 1295 1814 sedem
1342 1753 1637 1810 Eudoxius
1694 1747 2006 1805 Germani-

363 1859 576 1915 ciensis
606 1853 874 1925 arripuit,
908 1865 1012 1906 nec
1047 1846 1350 1904 minorein
1384 1841 1587 1916 pretio,
1619 1840 1667 1896 si
1713 1855 1828 1892 non
1882 1853 2004 1890 ma-

354 1952 504 2021 jore,
539 1945 762 2002 Aetium
797 1958 1029 2014 quoque
1061 1939 1274 1994 habere
1305 1933 1498 2005 cmpit.

435 2034 657 2107 Impius
690 2049 860 2105 porro
893 2034 1094 2086 Aetius
1153 2034 1292 2083 tunc
1349 2021 1629 2093 temporis
1661 2017 2012 2074 Eunomium

367 2123 863 2196 blasphemiarum
897 2136 1138 2176 suarum
1173 2120 1518 2173 assertorem
1552 2109 1777 2174 habuit,
1809 2125 1842 2162 a
1900 2123 2014 2178 quo

367 2193 863 2284 etiamimpietate
894 2212 1207 2280 superatus
1239 2211 1346 2259 est.
1406 2203 1689 2257 Caeterum
1749 2193 2016 2252 Eunoniii

369 2309 640 2378 parentes
668 2299 866 2358 liberti
900 2299 1184 2366 majorum
1217 2292 1413 2363 magni
1447 2290 1608 2344 illius
1648 2287 1846 2342 Basilii
1901 2285 2019 2339 fue-

370 2375 508 2450 runt
540 2411 555 2462 ;
588 2393 682 2463 qui
717 2389 924 2463 primis
957 2386 1282 2440 litterarum
1314 2378 1667 2436 rudimentis
1725 2375 2015 2429 imbutum

372 2483 446 2539 ad
477 2482 803 2538 scribarum
835 2474 1410 2543 amanuensiumque
1442 2466 1782 2523 exercitium
1834 2463 2017 2518 dedu-

371 2577 601 2627 xerunt.
633 2568 976 2625 Parentibus
1008 2569 1200 2620 autem
1226 2560 1490 2628 mortuis,
1531 2553 2019 2623 Constantinopo-

372 2661 474 2716 lim
496 2653 1058 2732 profectus,maximi
1093 2650 1347 2706 nominis
1406 2646 1634 2703 familia:
1694 2643 1927 2698 cuidam
1961 2656 2022 2695 se

373 2749 841 2819 addixitzeique
885 2762 1018 2800 mox
1072 2742 1348 2797 dominus
1401 2737 1719 2792 liberorum
1778 2747 2018 2789 suorum

374 2858 572 2897 curam
607 2835 1176 2898 demandavit.Quos
1202 2827 1498 2902 paedagogi
1525 2826 1638 2880 ritu
1671 2823 1729 2878 in
1790 2837 2024 2892 gymna-

375 2930 462 2984 sia
493 2929 810 2993 deducens,
838 2925 1166 2980 litterarum
1200 2918 1395 2974 studia
1434 2931 1564 2970 cum
1614 2913 1730 2967 illis
1769 2925 2026 2966 commu-

382 3016 903 3084 niahabuit,atque
922 3012 1128 3068 exinde
1175 3004 1574 3081 grammaticis
1616 3007 1674 3058 et
1722 2998 2024 3055 rhetoricis

376 3106 598 3161 artibus
630 3104 896 3158 imbutus
928 3105 1036 3155 est.
1072 3098 1216 3153 Cum
1275 3100 1471 3151 autem
1525 3107 1659 3148 eum
1709 3087 2025 3159 aliquando

377 3191 795 3264 paterfamilias
829 3191 886 3244 in
919 3189 1133 3246 liberos
1166 3185 1360 3242 nescio
1403 3182 1542 3254 quid
1591 3179 2026 3249 delinquentem

379 3281 884 3351 deprehendisset,
945 3276 1244 3347 injur‘am,
1306 3275 1354 3328 si
1406 3270 1825 3336 divulgaretur,
1888 3265 2023 3320 [iliis

379 3366 506 3422 suis
542 3367 812 3421 dedecori
844 3380 1142 3419 cessuram
1175 3361 1510 3425 arbitratus,
1532 3374 1667 3413 cum
1691 3354 2026 3410 verberibus

381 3453 744 3511 conscissam
779 3456 898 3506 tota
928 3452 1071 3504 urbe
1129 3448 1400 3503 excedere
1451 3448 1650 3516 jussit,
1708 3460 1905 3515 [manus
1953 3443 2025 3498 ab

381 3561 447 3599 eo
479 3559 541 3598 se
573 3540 803 3613 publice
835 3538 1220 3609 repetiturum
1252 3535 1662 3597 comminatus,
1696 3532 1745 3586 si
1793 3548 1924 3586 eum
1956 3531 2027 3585 de

381 3638 584 3689 caetero
627 3629 778 3699 apud
814 3627 1066 3698 aliquem
1095 3624 1420 3680 concivium
1468 3637 1705 3676 suorum
1767 3636 2028 3674 commo-

382 3723 498 3778 rari
535 3719 893 3775 rescisceret.
941 3722 1084 3772 Erro
1143 3714 1339 3783 itaque
1399 3710 1762 3766 Antiochiam
1821 3713 2024 3776 venit;

381 3810 481 3866 ubi
513 3809 789 3864 Arianam
819 3805 1065 3860 heresin
1093 3802 1420 3873 amplexus,
1481 3817 1546 3855 eo
1605 3799 1840 3854 nomine
1893 3815 2025 3853 cum

380 3900 542 3955 Aetio
574 3904 630 3953 et
663 3895 919 3952 Eudoxio
953 3893 1406 3949 familiaritatem
1466 3889 1578 3944 sibi
1627 3887 1918 3943 contraxit
1947 3929 1962 3955 ,
1997 3903 2030 3942 a

382 4005 494 4060 quo
529 3987 706 4042 etiam
746 3983 998 4054 diaconi,
1061 3997 1308 4052 moxque
1366 3977 1686 4051 presbyteri
1747 3976 2028 4048 dignitate

381 4077 797 4132 cohonestatus
825 4077 933 4128 est.

985 4187 1140 4244 CAP.
1180 4185 1422 4242 XXXII.

385 4309 457 4366 De
514 4309 841 4380 blasphemis
896 4306 1038 4380 Aelii
1119 4305 1443 4380 Ιιειξνειςὶἰηιειζ,Δ
1486 4318 1739 4380 quarum
1810 4303 2054 4356 nomine’

687 4374 864 4446 ἄθεος,
895 4379 992 4434 hoc
1018 4382 1094 4433 est
1127 4379 1352 4448 impius,
1383 4376 1560 4431 dictus
1590 4384 1687 4430 cst.

456 4500 808 4570 Hujusmodi
866 4515 1000 4570 ergo
1056 4497 1192 4567 vita,
1253 4495 1521 4552 educatio
1605 4499 1663 4549 et
1737 4493 2028 4550 institutio

387 4591 536 4644 Aetii
567 4597 620 4644 et
650 4587 917 4642 Eunomii
947 4587 1080 4642 fuit.
1116 4588 1395 4642 Caeterum
1457 4584 1636 4639 miser
1694 4583 1893 4639 Aetius
1923 4599 2028 4653 pu-

385 4677 534 4731 blice
565 4676 982 4746 blasphemans
1014 4674 1114 4729 Dei
1150 4673 1359 4728 Filium
1418 4673 1652 4739 κτιστὸν,
1705 4671 1793 4725 καὶ
1854 4668 1903 4742 ἐξ
1937 4668 2035 4724 οὐκ

383 4760 576 4833 ὄντων,
612 4762 702 4817 καὶ
734 4760 994 4834 ἄνόμοιον
1028 4765 1106 4832 τῷ
1154 4761 1341 4834 Πατρὶ,
1374 4763 1482 4818 hoc
1539 4767 1628 4817 est
1667 4767 1949 4828 creatum,
1981 4770 2036 4816 et

383 4857 555 4913 exiis
616 4872 745 4927 quae
801 4870 913 4908 non
975 4861 1159 4917 erant,
1216 4869 1317 4908 seu
1376 4869 1446 4908 ex
1512 4852 1718 4916 nihilo,
1783 4851 2034 4921 denique

380 4948 536 5003 Patri
557 4944 910 5002 dissimilem
945 4944 1200 5014 profiteri
1232 4943 1425 5014 coepit.
1464 4943 1825 5014 Quapropter
1881 4941 2034 5003 item:

382 5037 559 5093 etiam
587 5037 778 5091 dictus
802 5038 913 5091 est.
935 5033 1166 5103 Adhaac,
1201 5033 1248 5088 si
1274 5033 1336 5087 Β.
1370 5032 1693 5104 Epiphanio
1717 5031 2033 5100 credimus,

382 5126 476 5182 his
509 5125 702 5182 verbis
736 5123 817 5179 uti
865 5123 1135 5178 solebat:
1201 5124 1286 5177 Ita
1346 5122 1523 5177 Deum
1581 5121 1738 5187 novi,
1795 5124 1858 5176 ut
1911 5119 2036 5191 ipse

384 5216 644 5287 seipsum
673 5217 884 5283 ;atque
911 5211 988 5266 ita
1010 5227 1142 5267 eum
1169 5209 1322 5275 novi,
1356 5214 1420 5265 ut
1466 5225 1537 5265 ne
1585 5209 1871 5280 mcipsum
1908 5208 2036 5279 qui-

385 5303 538 5358 dem.
568 5300 996 5373 Objicientibus
1030 5304 1225 5355 autem
1250 5297 1582 5355 nonnullis:
1649 5297 1827 5353 Dicito
1867 5297 2036 5352 nobis

385 5392 666 5458 primum,
749 5407 873 5462 quae
957 5389 1077 5445 sint
1133 5388 1328 5460 abyssi
1385 5386 1649 5459 vestigia,
1711 5387 2037 5459 quibusque

461 5513 504 5545 ³⁷
533 5516 698 5569 Joan.
732 5531 873 5582 xm,
901 5515 955 5572 3.

1650 363 1965 427 NICETIE
2005 361 2434 423 CHONIAT/E

3603 344 3770 406 1392

2107 492 2261 550 venti
2293 489 2700 547 contineantur
2729 484 2958 551 loculis,
3017 487 3074 539 et
3129 483 3354 548 caetera,
3416 480 3487 536 de
3549 479 3775 550 qurbus

2107 582 2429 646 dubitatur,
2464 595 2597 636 cum
2631 579 2699 632 de
2726 591 2921 631 rerum
2955 578 3166 628 natura
3196 569 3443 644 quaestio
3505 567 3721 623 incidit
3757 583 3773 622 :

2107 678 2163 726 et
2191 671 2274 726 ita
2305 670 2404 725 tibi
2439 671 2510 724 de
2569 674 2682 723 Deo
2741 666 2920 723 verba
2980 661 3211 718 facienti
3268 660 3607 723 credemus,
3643 657 3774 728 ipse

2107 759 2247 815 talia
2307 758 2418 813 sibi
2476 763 2756 828 tanquam
2811 767 3088 824 corporea
3147 754 3204 805 et
3280 747 3544 819 singula,
3617 747 3776 800 inco-

2109 853 2271 920 gnita
2309 864 2458 916 esse,
2515 846 2700 902 Deum
2760 848 2949 899 autem
3007 855 3206 896 eorum
3268 843 3593 893 creatorem
3653 834 3773 890 sibi

2110 943 2477 1010 perspectum
2509 941 2566 990 et
2597 933 2985 1006 exploratum,
3019 930 3175 1002 quis,
3235 928 3424 998 cujas,
3457 933 3516 980 et
3568 924 3775 996 qualis

2110 1032 2284 1094 esset,
2319 1025 2730 1098 respondebat.
2765 1021 2928 1088 Quod
2969 1020 3020 1074 si
3045 1017 3355 1089 Scriptura:
3407 1013 3776 1071 testimoniis

2111 1116 2570 1182 convinceretur,
2602 1117 2728 1167 tum
2759 1125 2892 1165 vero
2926 1106 3303 1178 blasphemus
3349 1108 3409 1160 et
3465 1102 3776 1175 prephetis

2113 1210 2168 1260 et
2194 1202 2477 1275 apostolis
2529 1199 2933 1267 maledicebat,
2995 1194 3311 1267 aliquando
3372 1193 3466 1246 his
3525 1191 3772 1246 verbis:

2113 1294 2258 1358 Quid
2296 1292 2441 1347 mihi
2471 1289 2695 1346 Veteris
2757 1286 3136 1343 lnstrumenti
3191 1283 3369 1339 verba
3423 1281 3620 1337 citas?
3668 1280 3776 1334 ali-

2116 1383 2349 1454 quando
2383 1387 2437 1436 et
2473 1381 2562 1435 his
2587 1397 2599 1434 :
2626 1376 2940 1449 Apostolus
2971 1375 3076 1440 sic,
3111 1378 3176 1428 ut
3205 1371 3379 1427 homo
3414 1370 3778 1426 locutusest.

2114 1473 2257 1528 Cum
2292 1475 2483 1525 autem
2521 1465 2842 1538 discipulos
2875 1481 3012 1520 suos
3046 1463 3297 1529 doceret,
3326 1459 3415 1515 his
3475 1464 3538 1515 ut
3589 1458 3788 1530 pluri-

2118 1575 2279 1614 mum
2314 1558 2507 1616 verbis
2540 1558 2813 1611 utebatur
2846 1570 2860 1608 :
2891 1551 3046 1608 Nihil
3079 1552 3152 1606 ab
3204 1549 3434 1605 homine
3495 1550 3649 1604 Deus
3684 1563 3780 1602 re-

2117 1645 2315 1716 quirit,
2376 1644 2488 1700 nisi
2548 1649 2612 1697 ut
2666 1658 2801 1696 eum
2859 1646 3192 1712 cognoscat,
3266 1636 3771 1708 quemadmodum

2117 1751 2223 1804 ego
2281 1748 2591 1805 cognosco.
2654 1729 2874 1786 Idcirco
2931 1728 3198 1783 Christus
3249 1726 3436 1780 dicere
3490 1723 3775 1779 solebat:

2120 1825 2245 1879 Ilazc
2274 1827 2349 1878 est
2380 1825 2489 1877 vita
2520 1828 2757 1888 aulerua,
2794 1823 2853 1874 ut
2903 1820 3229 1888 cognoscant
3289 1825 3337 1871 te
3373 1816 3551 1870 solum
3580 1831 3787 1870 verum

2036 1897 2082 1962 Β
2124 1914 2291 1968 Deum
2321 1930 2340 1965 :
2363 1915 2416 1966 ct
2445 1927 2606 1984 quem
2633 1909 2836 1964 misisti
2863 1910 3042 1965 Iesum
3077 1904 3353 1961 Christum
3378 1902 3445 1958 3".
3499 1904 3788 1959 Utebatur

2122 2000 2213 2056 his
2245 2000 2432 2056 verbis
2467 2017 2480 2054 :
2513 1998 2836 2056 Fornicatio
2882 2004 3175 2067 peccatum
3218 1994 3451 2049 nullum
3483 1997 3594 2049 est.
3627 1993 3790 2056 Que-

2122 2087 2502 2142 madmodum
2565 2086 2720 2141 enim
2772 2101 2906 2140 cum
2965 2082 3289 2156 prurimus,
3353 2082 3550 2136 nescio
3635 2079 3781 2150 quid

2126 2176 2389 2232 naturale
2447 2176 2718 2245 facimus,
2778 2173 2856 2229 ita
2913 2173 3088 2229 etiam
3146 2171 3456 2226 fornicatio
3514 2168 3780 2239 corporei

2125 2282 2266 2321 usus
2297 2263 2639 2336 adimpletio
2670 2267 2757 2318 est
2792 2263 2924 2334 (69).
2959 2261 3086 2316 Haec
3120 2261 3319 2330 itaque
3352 2265 3409 2315 et
3437 2258 3772 2327 hujusmodi

2128 2353 2469 2422 blaspheme
2499 2357 2658 2419 sunt,
2693 2369 2820 2424 qua-
2847 2348 3003 2413 ἄθεος
3033 2351 3228 2405 Aetius
3260 2349 3490 2423 publice
3519 2348 3783 2413 docebat,

2131 2442 2306 2514 idque
2338 2442 2562 2498 nullius
2592 2440 2969 2497 ecclesiastici
3028 2439 3246 2511 gradus
3306 2438 3615 2508 particeps.
3660 2435 3794 2489 Dia-

2130 2538 2342 2588 conatu
2376 2532 2530 2586 enim
2561 2548 2592 2586 a
2625 2531 2864 2586 Leontio
2895 2530 3116 2600 eiectus
3141 2527 3358 2582 mansit
3398 2525 3609 2590 laicus,
3645 2531 3704 2580 et
3733 2525 3793 2578 in

2138 2621 2562 2676 Acacianorum
2623 2619 3029 2674 haereticorum
3089 2617 3500 2688 episcoporum
3567 2615 3796 2686 synodo

2129 2709 2693 2781 Constantinopolim
2727 2706 3070 2764 Constantio
3092 2707 3418 2777 imperante
3450 2711 3800 2770 convocata,

2130 2800 2190 2854 in
2221 2800 2515 2870 quoddam
2549 2797 2812 2870 Phrygias
2839 2797 3124 2868 oppidum
3175 2795 3466 2866 relegatus
3525 2799 3640 2858 est,
3695 2792 3803 2846 ibi-

2131 2905 2244 2960 que
2273 2887 2498 2942 tamdiu
2553 2891 2948 2942 commoratus
3007 2890 3115 2954 est,
3174 2885 3356 2939 donec
3386 2899 3519 2938 eum
3572 2881 3802 2954 impius

2129 2977 2325 3032 Julius
2355 2977 2426 3031 ab
2457 2975 2660 3030 exsilio
2691 2977 3001 3030 revocavit.

2743 3108 2900 3163 CAP.
2932 3105 3198 3162 XXXIII.

2064 3259 2106 3324 Ο
2136 3229 2208 3283 De
2275 3226 2651 3324 Aetianolrumn
2686 3225 2758 3308 ire.
2791 3223 3180 3324 ,Ειιηοηξὶαηοξ
3238 3223 3571 3324 initiatione,
3628 3227 3797 3292 atque

2491 3296 2758 3352 Eunomii
2786 3295 3088 3350 haeresibus
3120 3301 3172 3350 et
3203 3294 3431 3350 exsilio.

2210 3422 2488 3472 Caeterum
2523 3416 2594 3470 ab
2627 3431 2692 3471 eo
2725 3423 2982 3486 tempore
3013 3413 3392 3470 Aetianorum
3430 3413 3672 3485 quidem
3707 3429 3804 3483 ap-

2139 3506 2375 3578 pellatio
2406 3504 2673 3569 cessavit,
2709 3504 3205 3558 Eunomianorum
3236 3511 3431 3558 autem
3489 3501 3744 3556 invaluit
3777 3518 3790 3552 :

2140 3612 2272 3650 cum
2309 3597 2533 3650 doctori
2563 3594 2829 3665 improbo
2860 3592 3185 3664 discipulus
3216 3591 3539 3664 improbior
3570 3606 3798 3646 succes-

2141 3686 2336 3741 sisset.
2372 3689 2512 3740 Cum
2546 3685 2701 3740 enim
2734 3685 2805 3739 ad
2837 3683 3548 3754 Constantinopolitanam
3592 3681 3794 3737 sedem

2137 3776 2431 3832 Eudoxius
2476 3776 2696 3846 impius
2752 3782 2987 3830 evectus
3042 3781 3154 3842 est,
3191 3773 3532 3830 Eunomium
3575 3788 3778 3826 secum

2138 3864 2363 3920 habuit.
2395 3866 2522 3920 Jam
2553 3862 2820 3919 Eleuzius
2853 3863 3188 3932 Cyzicenus,
3249 3879 3380 3917 cum
3420 3859 3780 3914 Macedonia-

2139 3967 2249 4006 nus
2279 3957 2331 4005 et
2361 3949 2756 4005 Semiarianus
2789 3953 2964 4017 esset,
2998 3947 3209 4003 Filium
3271 3948 3420 4002 Patri
3465 3942 3782 4016 ὃμοιοῦςιον

2137 4057 2267 4095 esse
2295 4039 2522 4094 dicebat
2557 4054 2570 4094 :
2603 4043 2664 4094 et
2695 4040 2964 4110 quamvis
2997 4054 3256 4110 persaepe
3284 4040 3357 4092 ab
3390 4039 3511 4108 ipso
3535 4036 3798 4090 Eudoxio

2137 4136 2193 4185 et
2222 4129 2463 4183 Valente
2496 4129 2846 4200 imperatore
2879 4127 3162 4194 monitus,
3186 4126 3400 4181 adduci
3449 4131 3648 4180 tamen
3683 4141 3801 4179 non

2137 4222 2381 4290 poterat,
2415 4221 2479 4271 ut
2507 4213 2698 4287 ὅμοιον
2741 4216 2888 4271 citra
2916 4220 3016 4283 τῆς
3063 4211 3274 4283 οὐςίας,
3333 4214 3439 4270 hoc
3495 4219 3608 4278 est,
3642 4212 3811 4267 simi-

2139 4309 2250 4364 lem
2287 4307 2412 4364 sine
2443 4306 2711 4362 essentiae
2743 4306 3090 4376 cdjectione,
3122 4305 3468 4376 adjunctum
3526 4319 3660 4359 esse
3717 4304 3811 4357 di-

2139 4403 2314 4454 ceret.
2344 4398 2487 4452 Tum
2515 4412 2650 4451 vero
2678 4395 2865 4450 exsilii
2925 4397 3325 4465 bonorumque
3384 4393 3810 4465 publicationis

2140 4497 2292 4543 metu
2329 4486 2671 4557 perterritus
2703 4484 3032 4539 succubuit.
3070 4483 3358 4538 Reversus
3391 4489 3591 4538 autem
3646 4481 3811 4553 Cyzi-

2145 4596 2280 4634 cum
2314 4578 2562 4649 pristina
2591 4577 2648 4632 in
2685 4577 2980 4632 sententia
3011 4574 3416 4647 perseveravit.
3472 4575 3638 4638 Quod
3674 4592 3810 4630 cum

2145 4667 2472 4724 rescivissct
2502 4666 2818 4731 Eudoxius,
2848 4665 2946 4720 illo
2978 4664 3268 4736 deposito,
3301 4665 3359 4718 in
3419 4667 3549 4734 ejus
3600 4666 3808 4719 sedem

2143 4758 2494 4815 Eunomium
2538 4755 2896 4827 subrogavit.
2956 4754 3064 4818 Qui
3123 4755 3444 4825 assumptis
3503 4754 3633 4824 ejus
3696 4753 3810 4808 loci

2144 4847 2438 4915 Ecclesiis,
2473 4849 2774 4917 quiescere
2806 4861 2918 4899 non
2951 4844 3154 4914 potuit,
3189 4850 3249 4898 at
3305 4843 3363 4897 in
3412 4843 3808 4898 concionibus

2146 4939 2215 4993 ad
2252 4936 2533 5010 p0pulum
2593 4933 2977 5005 sophismatis
3032 4934 3462 5003 verborumque
3509 4931 3811 4988 lenocinio

2145 5032 2315 5083 utens
2344 5025 2642 5081 Aelianum
2677 5022 2946 5078 haeresim
2971 5038 3178 5078 rursus
3205 5023 3264 5076 in
3298 5021 3564 5076 medium
3598 5038 3812 5094 propo-

2147 5116 2282 5173 suit.

2217 5205 2376 5270 Quod
2439 5219 2570 5258 cum
2634 5201 2895 5275 Cyziceni
2944 5202 3092 5256 ferre
3163 5217 3277 5257 non
3340 5206 3607 5273 possent,
3666 5201 3816 5257 urbe

2145 5294 2312 5350 illum
2332 5295 2668 5364 exegerunt.
2705 5291 2910 5347 Postea
2937 5307 3070 5346 vero
3102 5291 3432 5346 Constantii
3489 5293 3672 5345 etiam
3708 5291 3817 5346 im-

2146 5383 2431 5458 peratoris
2454 5383 2632 5453 jussu
2661 5379 2966 5453 depositus
2993 5383 3100 5436 est.
3130 5380 3513 5436 Constantius
3533 5380 3697 5436 enim
3721 5381 3821 5435 do-

460 5647 571 5714 (69)
602 5648 721 5698 Hoc
753 5644 846 5712 pie
875 5651 930 5700 et
960 5648 1174 5704 diserte
1204 5650 1468 5707 confutet
1496 5651 1554 5705 S.
1590 5649 1801 5706 Athan.
1837 5649 1895 5704 in
1928 5647 2110 5719 Epist.
2146 5648 2216 5703 ad
2253 5648 2525 5719 Ἀιιμοῦν.
