4090 6192
326 321 490 384 1393

1702 311 2094 376 THESAURI
2133 311 2285 372 LIB.
2333 310 2403 369 V.

3590 317 3742 377 1394

326 475 466 531 gma
498 455 642 510 illud
669 453 1153 525 amplectebatur,
1182 454 1334 525 quod
1369 453 1575 508 Filium
1621 451 1772 508 Patri
1822 450 1980 506 dun-
2014 452 2067 518 Α
2099 463 2233 502 cum
2267 446 2386 501 viro
2409 445 2706 516 congredi,
2731 445 2840 501 nisi
2870 445 3113 502 Placillaa
3143 452 3413 520 Augustae
3433 453 3739 522 providen-

326 552 485 604 taxat
515 543 711 616 ὅμοιον
771 559 899 598 esse
955 544 1265 598 dicendum
1327 543 1672 598 astruebat:
1723 537 1983 610 ἀνόμοιον

328 641 530 692 autem
562 632 653 688 vel
686 629 951 702 ὁμο-ὅσιον
1011 631 1172 686 nullo
1229 631 1420 688 modo.
1484 630 1802 686 Eunomius
1848 642 1984 697 ergo

323 721 895 792 Constantinopolim
954 737 1016 777 se
1075 722 1311 793 recepit,
1369 725 1426 776 et
1471 721 1624 792 apud
1657 718 1982 774 Eudoxium

325 815 552 870 otiosus
585 812 898 882 episcopus
928 809 1155 865 desedit
1187 826 1200 865 ε
1236 810 1445 866 deinde
1477 809 1548 864 ab
1592 825 1657 864 eo
1716 807 1979 871 secessit,

325 902 719 976 privatimque
776 897 1006 970 plebem
1054 899 1409 966 convocavit,
1470 898 1603 969 quia
1663 913 1794 951 cum
1829 910 1980 966 εωρθ

325 996 616 1062 rogasset,
651 993 716 1043 ut
748 992 1066 1060 praeceptor
1120 989 1324 1044 Aetius
1381 987 1799 1052 admitteretur,
1845 1000 1977 1041 cum

323 1081 622 1138 Eudoxius
657 1094 770 1133 non
796 1079 1151 1147 exaudierat,
1194 1094 1308 1131 non
1343 1078 1494 1147 quod
1529 1076 1676 1131 Aetii
1707 1074 1975 1130 hzeresim

321 1171 589 1228 eamdem
611 1183 852 1239 prorsus
867 1182 995 1220 cum
1013 1166 1512 1238 suaimprobaret,
1537 1165 1636 1220 sed
1655 1163 1872 1219 veritus
1905 1180 1976 1218 ne

323 1261 449 1332 ipse
471 1273 695 1330 quoque
714 1257 1120 1327 deponeretur.
1156 1255 1373 1311 Omnes
1387 1255 1542 1311 enim
1562 1253 1869 1310 unanimes
1903 1253 1973 1307 ab

321 1350 506 1414 Aetio,
524 1354 804 1418 tanquam
824 1345 1064 1400 diversa:
1089 1346 1414 1411 sententia,
1449 1345 1964 1416 degeneraverunt.

905 1463 1062 1519 CAP.
1124 1463 1383 1518 XXXIV.

316 1585 388 1639 De
419 1581 750 1638 Arianorum
777 1582 836 1634 in
864 1580 1195 1636 orthodoxe:
1251 1579 1489 1642 sievitia,
1523 1595 1752 1650 quorum
1807 1585 1963 1650 octo-

383 1657 538 1724 ginta
597 1654 961 1723 supplicatum
1033 1653 1225 1724 missos
1299 1649 1540 1706 Valentis
1607 1649 1961 1718 imperatoris

375 1723 537 1797 jussu
566 1741 693 1779 cum
732 1726 954 1794 navigio
984 1723 1404 1778 succenderunt.

393 1843 568 1897 Porro
601 1845 730 1913 post
791 1840 1032 1896 Eudoxii
1093 1845 1334 1894 mortem
1395 1836 1772 1893 Homousiani
1822 1837 1968 1891 Eva-

323 1933 513 2004 grium
542 1938 822 2004 tanquam
860 1932 1019 2003 pium
1054 1931 1164 1986 sibi
1225 1928 1529 2000 praesulem
1584 1927 1915 1999 delegerunt
1953 1943 1965 1980 :

327 2038 503 2093 quem
564 2021 946 2076 Eusthathius
1005 2019 1322 2075 Antiochiae
1377 2034 1600 2089 magna:
1659 2023 1825 2071 antea
1857 2017 1972 2087 epi-

327 2127 535 2182 scopus
567 2110 879 2177 ordinavit,
914 2126 946 2163 a
1002 2107 1304 2178 Philippis,
1361 2106 1458 2162 ubi
1516 2104 1845 2173 exsulabat,
1879 2122 1968 2160 re-

323 2207 562 2258 vocatus
602 2203 828 2259 Joviani
854 2204 1050 2272 jussu,
1086 2201 1262 2273 idque
1307 2199 1584 2271 temporis
1642 2198 1972 2254 Constanti-

321 2293 516 2365 nopoli
551 2309 813 2357 manens,
847 2297 902 2346 et
933 2292 1134 2346 eadem
1169 2307 1368 2346 secum
1400 2289 1719 2345 sentientes
1750 2288 1970 2344 contir-

320 2397 509 2439 muns.

390 2475 464 2525 At
492 2470 689 2526 Ariani
715 2468 1124 2541 Demophilum
1186 2467 1467 2533 Berrhoae,
1501 2483 1626 2538 quas
1683 2465 1742 2520 in
1783 2465 1969 2520 Thra-

324 2559 410 2614 cia
442 2565 548 2628 est,
583 2561 977 2615 obtruserant.
1010 2559 1154 2614 Cum
1211 2561 1407 2611 autem
1478 2573 1544 2611 ea
1585 2557 1654 2610 de
1685 2571 1861 2610 causa
1893 2571 1975 2609 se-

323 2649 600 2704 ditionem
659 2649 898 2702 diversas
957 2646 1141 2719 partis
1209 2645 1478 2702 homines
1559 2645 1971 2710 concitassent,

317 2737 525 2792 Valens
566 2738 902 2808 imperator,
936 2741 1075 2790 tunc
1108 2751 1290 2807 agens
1331 2734 1696 2800 Nicomediae,
1757 2734 1976 2789 certior

323 2828 392 2881 de
426 2827 517 2882 his
549 2827 723 2881 rebus
757 2825 963 2894 tactus,
999 2824 1217 2880 milites
1247 2840 1313 2879 eo
1345 2824 1526 2890 misit,
1560 2829 1617 2879 et
1671 2824 1974 2878 Eusthatio

324 2915 381 2970 in
418 2916 677 2971 Thraciae
711 2917 937 2985 Bizyan,
972 2914 1334 2986 Evagrioque
1362 2914 1519 2968 aliud
1579 2913 1637 2968 in
1697 2912 1974 2984 oppidum

324 3006 600 3076 relegato,
660 3011 902 3060 cunctas
955 3004 1230 3060 ecclesias
1288 3003 1628 3076 Demophilo
1686 3002 1972 3058 committi

313 3096 516 3166 jussit.

2098 536 2198 606 tia,
2231 542 2288 592 et
2311 552 2511 608 preces
2531 535 3068 592 obstitissent.Cum
3094 540 3247 596 enim
3273 542 3475 612 synodi
3497 543 3738 598 Nicena:

2097 627 2308 696 dogma
2331 625 2670 681 ﬁdelissima
2695 631 3152 696 conservaret,eo
3173 629 3742 695 fiebat,utvereretur

2095 719 2258 783 ne,ut
2279 714 2396 769 fere
2420 715 2502 780 lit,
2534 715 2779 770 maritus
2804 731 2872 769 ex
2894 731 2960 771 eo
2983 716 3271 788 colloquio
3295 724 3735 791 perverteretur,

2092 800 2449 875 diversaeque
2480 804 2628 874 parti
2660 803 3097 860 adhaeresceret.
3126 806 3447 862 Eunomius
3485 809 3638 864 enim
3671 809 3732 864 in

2090 892 2401 964 colloquiis
2431 892 2856 948 disertissimus
2916 893 3190 950 facillime
3221 897 3452 966 quidvis
3494 915 3736 969 persua-

2089 982 2280 1049 debat,
2339 981 2810 1054 tbeologiamque
2880 984 2951 1038 ad
3041 985 3236 1039 nescio
3295 1002 3440 1056 quas
3497 987 3734 1058 syllogi-

2089 1087 2350 1126 smorum
2411 1072 2670 1144 argutias
2729 1072 3040 1144 redigebat.
3124 1074 3270 1137 Quia
3347 1092 3477 1130 vero
3535 1083 3736 1146 postea

2089 1178 2201 1216 non
2254 1160 2701 1231 conquiescebat
2757 1162 3106 1232 Eunomius,
3161 1164 3263 1218 sed
3316 1181 3464 1234 quos
3523 1167 3731 1222 edebat

2085 1249 2313 1305 libellos
2341 1250 2590 1305 subinde
2622 1250 2970 1318 ostentabat,
3007 1257 3180 1323 atque
3213 1254 3293 1308 ita
3327 1254 3725 1311 multossuam

2086 1338 2142 1393 in
2176 1339 2521 1394 sententiam
2555 1344 2911 1396 transversos
2963 1343 3246 1412 rapiebat,
3303 1359 3369 1398 ea
3427 1345 3497 1399 de
3550 1360 3729 1400 causa

2083 1445 2213 1484 eum
2248 1431 2563 1497 imperator
2592 1429 3082 1498 exsularejussit.
3147 1431 3248 1486 Ille
3303 1449 3434 1486 vero
3493 1449 3606 1487 non
3651 1434 3730 1487 ita

2084 1517 2268 1572 multo
2327 1523 2637 1589 postquam
2694 1519 2752 1572 in
2803 1518 3070 1574 exsilium
3136 1521 3356 1575 missus
3393 1528 3478 1576 est
3523 1522 3728 1576 evivis

2080 1605 2349 1673 excessit,
2383 1606 2441 1658 in
2474 1607 2777 1676 patriaque
2807 1606 3074 1677 sepultus
3103 1613 3214 1663 est.
3246 1597 3422 1664 Vicus
3453 1613 3648 1664 autem
3679 1611 3730 1665 is

2076 1700 2169 1750 est
2205 1694 2634 1766 Cappadocum,
2670 1695 2905 1750 nomine
2964 1695 3202 1764 Dacora,
3237 1713 3351 1752 non
3402 1699 3603 1768 procul
3651 1701 3729 1754 ab

2002 1820 2046 1882 Β
2077 1787 2275 1856 Arng
2307 1783 2666 1840 Cmsariensi.

2682 1901 2833 1952 CAP.
2883 1900 3135 1956 XXXVI.

2082 2017 2155 2069 De
2203 2014 2444 2086 priuatis
2500 2013 2865 2088 Theophronii
2926 2016 3274 2088 Cappadocis
3359 2023 3413 2072 et
3471 2021 3732 2088 Eutyrhz‘i

2083 2085 2699 2156 ConSlantinopolituni
2726 2085 3054 2156 discipulum
3089 2088 3352 2142 Eunomii
3399 2085 3726 2144 hwresibus.

2153 2203 2437 2260 Caeterum
2485 2203 2934 2274 Theophronius
2993 2205 3234 2275 quidam
3291 2205 3601 2277 Cappadox
3660 2207 3729 2262 ab

2080 2295 2206 2365 ipso
2243 2293 2511 2350 haeresim
2571 2294 2832 2363 edoctus,
2893 2295 3168 2364 Isagogen
3228 2311 3326 2350 seu
3392 2295 3728 2351 instructio~

2083 2400 2215 2439 nem
2250 2385 2308 2438 in
2345 2400 2470 2439 eam
2496 2384 2818 2454 posteritati
2863 2384 3238 2451 consecravit,
3269 2384 3362 2440 cui
3415 2386 3488 2440 De
3516 2389 3728 2441 exerci-

2081 2473 2176 2528 tiis
2207 2473 2404 2528 mentis
2433 2473 2665 2528 titulum
2700 2473 2914 2527 indidit
2947 2490 2960 2538 ;
2991 2474 3114 2544 qui,
3169 2489 3300 2528 cum
3358 2476 3732 2546 praeceptOris

2082 2565 2310 2635 placitis
2342 2563 2607 2618 insistere
2639 2579 2753 2618 non
2777 2563 2827 2618 ei
2862 2563 3132 2634 placeret,
3195 2566 3514 2620 recentiora
3567 2582 3730 2637 quae-

2084 2655 2217 2709 dam
2252 2653 2616 2725 excogitavit,
2650 2657 2824 2724 atque
2848 2653 2926 2708 ita
2949 2654 3204 2725 scripsit.
3239 2653 3384 2709 Cum
3443 2655 3728 2710 Divinitas

2083 2759 2198 2798 non
2233 2747 2556 2814 praenoscat
2570 2742 2627 2798 id
2643 2742 2795 2812 quod
2814 2758 2928 2797 non
2945 2742 3158 2808 est,sed
3171 2747 3483 2814 cognoscat
3505 2743 3729 2814 idquod

2083 2837 2194 2899 est,
2228 2830 2614 2902 preteritique
2646 2831 2998 2896 recordetur,
3033 2847 3098 2886 eo
3131 2831 3212 2897 tit,
3248 2835 3312 2885 ut
3343 2848 3454 2886 non
3507 2847 3734 2902 semper

2085 2921 2284 2975 eodem
2318 2936 2380 2975 se
2411 2920 2582 2976 modo
2613 2919 2844 2986 habeat,
2877 2935 3010 2974 cum
3043 2919 3435 2990 cognitionem
3465 2920 3533 2974 ad
3571 2919 3729 2974 futu-

2085 3023 2213 3062 rum
2245 3012 2300 3062 et
2359 3008 2430 3062 ad
2490 3007 2840 3076 praeteritum
2901 3015 3210 3063 convertat.
3267 3007 3370 3062 His
3429 3009 3628 3078 itaque
3657 3008 3729 3063 de

2084 3097 2280 3151 causis
2308 3097 2440 3152 odio
2472 3095 2705 3151 habitus
2734 3099 2839 3160 est,
2871 3100 3044 3166 atque
3075 3097 3146 3151 ab
3197 3096 3575 3152 Eunomianis
3631 3112 3732 3152 eo-

391 3185 521 3240 I-lrec
579 3185 884 3240 occasione
952 3184 1149 3240 Ariani
1229 3183 1530 3240 orthodoxi
1599 3182 1970 3246 insultantes,
2009 3186 2052 3254 ο
2081 3201 2332 3256 rumque
2363 3184 2623 3240 Ecclesia
2651 3185 2894 3256 ejectus,
2928 3187 3221 3257 prOpriam
3253 3185 3516 3240 haeresim
3553 3201 3729 3241 cons-

317 3273 478 3328 mille
511 3272 644 3328 illos
677 3273 1049 3328 contumeliis
1079 3273 1363 3328 lacessere
1406 3278 1724 3344 coeperunt.
1765 3272 1967 3342 Itaque

317 3364 388 3416 ab
432 3362 767 3417 orthodoxis
825 3362 1203 3418 ecclesiastici
1253 3362 1360 3418 viri
1419 3362 1730 3431 octoginta,
1781 3360 1969 3416 Theo-

319 3452 480 3520 doro,
512 3449 750 3520 Urbaso,
781 3457 837 3506 et
866 3452 1202 3508 Menedemo
1253 3451 1502 3506 ducibus
1554 3453 1621 3505 ad
1653 3451 1966 3522 imperato-

319 3556 440 3594 rem
475 3540 640 3596 missi
673 3543 830 3606 sunt,
866 3541 964 3611 qui
1000 3557 1100 3612 pro
1149 3539 1294 3611 ipsis
1327 3539 1739 3610 supplicarent.
1771 3545 1841 3594 At
1873 3539 1965 3593 hic

317 3628 403 3683 ira
435 3645 755 3685 succensus
787 3631 1054 3700 praefecto
1088 3629 1252 3684 urbis
1311 3629 1630 3694 mandavit,
1691 3633 1756 3682 ut
1808 3643 1964 3682 com-

317 3734 562 3790 prensos
592 3717 722 3773 iilos
755 3717 1132 3773 interimeret.
1169 3717 1478 3772 PrzeFectus
1512 3723 1704 3771 autem
1738 3715 1964 3770 veritus

315 3823 385 3861 ne
414 3806 565 3862 inter
596 3806 823 3878 plebem
882 3807 1090 3862 seditio
1149 3806 1488 3874 cooriretur,
1522 3804 1687 3860 tinxit
1739 3821 1799 3860 se
1829 3803 1963 3860 illos

313 3897 373 3952 in
405 3896 673 3952 exsilium
704 3897 984 3970 relegare.

383 3987 586 4055 Itaque
616 3985 675 4039 in
709 3986 1006 4055 navigium
1045 3985 1288 4055 conjecti
1351 3990 1509 4049 sunt,
1577 3998 1828 4050 cumque
1860 3997 1960 4035 na-

308 4076 564 4146 vugando
623 4073 880 4127 medium
939 4073 1105 4127 sinus
1181 4069 1449 4125 Astaceni
1538 4073 1957 4138 penetrassent,

311 4169 502 4220 nautae
532 4167 706 4234 prout
737 4161 847 4217 sibi
909 4160 1252 4216 mandatum
1314 4158 1520 4223 fuerat,
1555 4158 1792 4211 incenso
1853 4173 1962 4211 na-

306 4253 482 4325 vigio,
513 4252 627 4322 ipsi
659 4251 890 4322 quidem
946 4251 1002 4305 in
1065 4247 1342 4319 scapham
1403 4245 1765 4311 desilierunt,
1799 4247 1962 4300 navis

309 4347 502 4397 autem
541 4346 687 4396 nutu
747 4340 903 4395 venti
960 4339 1073 4393 huc
1127 4342 1184 4392 et
1241 4335 1380 4391 illuc
1424 4335 1638 4406 agitata
1670 4350 1858 4405 usque
1888 4335 1957 4389 ad

307 4431 610 4487 Dacidizen
647 4429 719 4502 (is
747 4428 1052 4483 maritimae
1113 4425 1395 4498 Bithyniae
1450 4424 1614 4479 locus
1667 4425 1778 4495 est)
1831 4440 1958 4494 per-

2075 3274 2257 3331 tituit.
2289 3276 2479 3345 Atque
2509 3273 2825 3346 Eutychius
2857 3274 3096 3345 quidam
3128 3273 3721 3345 Constantinopolita-

2077 3381 2191 3419 nus
2220 3364 2362 3420 civis
2423 3362 2687 3418 Eunomii
2755 3361 3079 3432 discipulus
3140 3364 3432 3434 propriam
3490 3367 3547 3418 et
3594 3364 3720 3432 ipse

2076 3460 2272 3526 postea
2305 3455 2644 3527 hujusmodi
2705 3455 2777 3510 de
2833 3471 3014 3510 causa
3069 3453 3339 3509 haeresim
3392 3455 3716 3512 constituit.

2073 3545 2422 3601 Eunomiani
2450 3543 2947 3615 Constantinopoli
2980 3543 3256 3614 degentes
3287 3544 3528 3599 extremi
3553 3545 3718 3613 judi-

2075 3635 2145 3690 cii
2179 3633 2380 3690 horam
2414 3633 2554 3689 Filio
2589 3633 2683 3688 Dei
2709 3633 3066 3703 incognitam
3097 3647 3224 3686 esse
3256 3630 3717 3698 dicebant,male

2071 3721 2266 3780 locum
2299 3722 2686 3793 intelligentes
2718 3737 2732 3777 :
2794 3723 2956 3777 Nemo
3013 3721 3165 3773 novit
3201 3718 3314 3772 nisi
3351 3720 3518 3772 Pater
3545 3716 3612 3770 ³⁸.
3645 3721 3720 3773 At

2072 3811 2392 3884 Eutychius
2421 3810 2564 3865 Filio
2596 3825 2825 3880 quoque
2857 3808 3056 3862 horam
3093 3805 3249 3861 illam
3271 3807 3459 3861 Patris
3502 3811 3720 3862 creato-

2073 3902 2269 3970 risque
2301 3900 2391 3954 sui
2417 3897 2695 3952 beneﬁcio
2727 3897 3017 3966 cognitam
3066 3910 3194 3950 esse
3249 3896 3566 3951 astruebat.
3602 3899 3716 3952 Ita-

2072 4003 2184 4058 que
2217 3987 2464 4057 protecto
2498 3984 2775 4056 Eutychio
2807 3985 2877 4038 ad
2913 3983 3258 4038 Eunomium
3292 4000 3358 4040 eo
3419 3985 3514 4039 ubi
3545 4002 3717 4040 exsu-

2071 4076 2248 4140 labat,
2284 4074 2700 4146 nonnullisque
2732 4073 2862 4128 aliis
2893 4074 3271 4129 Eunomianis
3302 4090 3421 4129 una
3449 4089 3582 4129 cum
3616 4074 3715 4129 illo

2071 4164 2326 4232 omissis,
2359 4165 2457 4233 qui
2488 4163 2649 4243 dubii
2683 4163 3033 4218 solutionem
3069 4163 3139 4217 ab
3172 4163 3456 4219 Eunomio
3497 4163 3716 4235 accipe-

2071 4260 2216 4320 rent,
2250 4252 2572 4306 Eunomius
2613 4252 2873 4322 Eutychii
2906 4250 3253 4306 sententiam
3293 4251 3481 4322 magis
3513 4269 3716 4324 appro-

2070 4340 2797 4397 bavit.Verumenimvero
2854 4357 2988 4397 cum
3050 4357 3164 4395 non
3223 4341 3301 4395 ita
3358 4340 3542 4394 multo
3589 4347 3720 4411 post

2067 4430 2393 4485 Eunomius
2423 4429 2684 4499 obiisset,
2718 4429 2767 4484 is
2799 4431 2900 4500 qui
2939 4429 3440 4500 Constantinopoli
3491 4429 3717 4484 haereti-

305 4522 484 4587 venit,
518 4521 718 4590 ibique
749 4534 866 4575 una
897 4533 1030 4573 cum
1065 4517 1204 4571 viris
1238 4531 1385 4587 quos
1416 4513 1664 4570 vehebat
1717 4529 1956 4584 prorsus
1987 4557 2034 4621 Β
2067 4520 2151 4574 cis
2183 4522 2448 4591 praeerat,
2510 4519 2853 4590 Eutychium
2909 4535 2975 4574 eo
3023 4519 3257 4574 nomine
3287 4535 3521 4584 exosus,
3554 4521 3711 4589 quod

306 4612 621 4682 absumpta
653 4612 761 4664 est.

928 4724 1081 4780 CAP.
1123 4723 1336 4778 XXXV.

303 4849 450 4902 Laus
482 4843 740 4900 Ptacillae
797 4838 1173 4912 imperatricis
1230 4838 1362 4912 (70,),
1417 4836 1956 4912 qum‘Theodoaium

377 4925 641 4988 Magnum
671 4908 956 4985 conjugem
986 4927 1147 4966 suum
1179 4915 1248 4966 ab
1305 4909 1567 4964 Eunomii
1622 4908 1825 4964 Ariani
1850 4910 1956 4965 cot-

379 4991 565 5062 loquio
597 4989 886 5042 revocavit.

369 5097 696 5156 Eunomius
738 5096 960 5150 interea
993 5091 1237 5163 privatis
1266 5089 1326 5145 in
1366 5089 1591 5146 aedibus
1649 5089 1862 5161 agebat
1890 5089 1950 5145 in

303 5189 570 5260 Bithynia
601 5203 632 5242 e
665 5185 900 5256 regione
929 5178 1537 5249 Constantinopoleos,
1589 5180 1658 5234 ad
1699 5195 1950 5250 eumque

299 5277 552 5350 populus
609 5275 852 5344 trajecto
914 5271 1056 5325 freto
1143 5268 1492 5324 conﬂuebat.
1581 5267 1690 5322 Alii
1775 5268 1949 5323 etiam

296 5367 534 5422 aliunde
588 5360 1032 5419 conveniebant.
1093 5358 1276 5427 Cujus
1335 5355 1414 5410 rei
1475 5356 1631 5411 fama
1688 5372 1817 5411 cum
1876 5358 1944 5412 ad

296 5454 606 5511 Theodosii
639 5453 831 5522 Magni
864 5465 1034 5504 aures
1095 5445 1473 5518 pervenisset,
1520 5444 1803 5518 gestiebat
1852 5447 1950 5502 ille

370 5561 422 5595 ³⁸
451 5561 655 5617 Matth.
689 5574 843 5628 xxrv,
873 5557 963 5612 36.

2067 4610 2139 4664 ab
2173 4610 2452 4665 Eunomio
2494 4609 2851 4681 approbatus
2900 4614 3073 4676 esset,
3134 4610 3442 4664 admittere
3499 4609 3710 4676 noluit,

2065 4704 2243 4770 atque
2276 4697 2358 4752 ita
2389 4697 2485 4753 ille
2542 4698 2614 4752 ad
2664 4700 2954 4770 propriam
3013 4697 3281 4755 haeresim
3329 4699 3704 4754 astruendam

2064 4787 2322 4844 secessit.
2353 4788 2460 4843 Sed
2493 4787 2562 4843 de
2594 4787 2684 4843 his
2714 4788 3017 4843 hactenus.

2648 4931 2801 4986 CAP.
2859 4929 3118 4986 XXXVII.

2063 5056 2203 5124 Quid
2233 5057 2533 5111 Eunomius
2563 5056 2638 5110 ad
2668 5058 3026 5126 praeceptoris
3058 5055 3203 5111 Aetii
3249 5057 3490 5112 haereses
3548 5057 3708 5112 adili~

2319 5129 2490 5183 derit.
2521 5131 2703 5184 Mirus
2730 5128 2973 5199 ejusdem
3001 5129 3438 5199 anabartismus.

2131 5272 2439 5328 Sciendum
2465 5288 2632 5343 porro
2689 5276 2778 5328 est
2830 5276 3065 5329 caeteros
3115 5289 3318 5328 omnes
3369 5274 3704 5345 scriptores,

2057 5361 2210 5415 inter
2239 5377 2387 5432 quos
2417 5367 2505 5416 est
2560 5361 2970 5425 Theodoritus,
3002 5361 3062 5417 in
3094 5378 3162 5416 ea
3210 5378 3338 5418 esse
3395 5363 3710 5430 sententia,

2061 5454 2126 5504 ut
2151 5449 2474 5506 Eunomius
2515 5451 2888 5522 praeceptoris
2946 5449 3038 5506 sui
3095 5450 3244 5506 Aetii
3276 5450 3567 5522 dogmatis
3596 5467 3710 5507 non

372 5670 486 5742 (70)
517 5669 597 5725 De
630 5665 878 5723 Placillaa
917 5663 1099 5734 hujus
1132 5661 1330 5716 funere
1369 5659 1554 5716 oratio
1585 5661 1831 5730 Nysseni
1859 5666 2064 5719 exstat.
