  <div class='ocr_page' id='page_1' title='image "/cluster/home/n/w/nwhite01/storage/ocr_20150623/139/hvd.32044023361710/703.png"; bbox 0 0 4090 6192; ppageno 0'>
   <div class='ocr_carea' id='block_1_1' title="bbox 350 295 504 356">
    <p class='ocr_par' dir='ltr' id='par_1_1' title="bbox 350 295 504 356">
     <span class='ocr_line' id='line_1_1' title="bbox 350 295 504 356; baseline 0 0"><span class='ocrx_word' id='word_1_1' title='bbox 350 295 504 356; x_wconf 81' lang='grc'><strong>1395</strong></span> 
     </span>
    </p>
   </div>
   <div class='ocr_carea' id='block_1_2' title="bbox 1661 281 2434 346">
    <p class='ocr_par' dir='ltr' id='par_1_2' title="bbox 1661 281 2434 346">
     <span class='ocr_line' id='line_1_2' title="bbox 1661 281 2434 346; baseline -0.004 0"><span class='ocrx_word' id='word_1_2' title='bbox 1661 281 1972 346; x_wconf 69' lang='grc' dir='ltr'><strong>ΝῙΕΕΤΙΕ</strong></span> <span class='ocrx_word' id='word_1_3' title='bbox 2013 281 2434 346; x_wconf 70' lang='grc' dir='ltr'><strong>ὒΗΟΝῘΑΤΕ</strong></span> 
     </span>
    </p>
   </div>
   <div class='ocr_carea' id='block_1_3' title="bbox 3614 291 3785 350">
    <p class='ocr_par' dir='ltr' id='par_1_3' title="bbox 3614 291 3785 350">
     <span class='ocr_line' id='line_1_3' title="bbox 3614 291 3785 350; baseline -0.006 0"><span class='ocrx_word' id='word_1_4' title='bbox 3614 291 3785 350; x_wconf 76' lang='grc'><strong>1396</strong></span> 
     </span>
    </p>
   </div>
   <div class='ocr_carea' id='block_1_4' title="bbox 349 416 3798 499">
    <p class='ocr_par' dir='ltr' id='par_1_4' title="bbox 349 416 3798 499">
     <span class='ocr_line' id='line_1_4' title="bbox 349 416 3798 499; baseline -0.003 -15"><span class='ocrx_word' id='word_1_5' title='bbox 349 427 751 499; x_wconf 85' lang='lat' dir='ltr'><strong>acquiescens,</strong></span> <span class='ocrx_word' id='word_1_6' title='bbox 804 422 1080 478; x_wconf 89' lang='lat' dir='ltr'><strong>rectiores</strong></span> <span class='ocrx_word' id='word_1_7' title='bbox 1135 425 1191 477; x_wconf 89' lang='lat' dir='ltr'><strong>et</strong></span> <span class='ocrx_word' id='word_1_8' title='bbox 1239 421 1650 476; x_wconf 79' lang='lat' dir='ltr'><strong>moderatiores</strong></span> <span class='ocrx_word' id='word_1_9' title='bbox 1710 418 1992 489; x_wconf 89' lang='lat' dir='ltr'><strong>quasdam</strong></span> <span class='ocrx_word' id='word_1_10' title='bbox 2028 422 2074 488; x_wconf 75' lang='grc' dir='ltr'>Α</span> <span class='ocrx_word' id='word_1_11' title='bbox 2109 422 2314 488; x_wconf 87' lang='lat' dir='ltr'><strong>sceret,</strong></span> <span class='ocrx_word' id='word_1_12' title='bbox 2347 421 2566 487; x_wconf 85' lang='lat' dir='ltr'><strong>quanto</strong></span> <span class='ocrx_word' id='word_1_13' title='bbox 2599 417 2745 472; x_wconf 85' lang='lat' dir='ltr'><strong>bene</strong></span> <span class='ocrx_word' id='word_1_14' title='bbox 2773 416 3003 472; x_wconf 85' lang='lat' dir='ltr'><strong>dicendi</strong></span> <span class='ocrx_word' id='word_1_15' title='bbox 3061 418 3366 474; x_wconf 86' lang='lat' dir='ltr'><strong>intervallo</strong></span> <span class='ocrx_word' id='word_1_16' title='bbox 3417 420 3493 475; x_wconf 88' lang='lat' dir='ltr'><strong>ab</strong></span> <span class='ocrx_word' id='word_1_17' title='bbox 3528 421 3639 475; x_wconf 90' lang='lat' dir='ltr'><strong>illo</strong></span> <span class='ocrx_word' id='word_1_18' title='bbox 3677 422 3798 475; x_wconf 81' lang='lat' dir='ltr'><strong>dit-</strong></span> 
     </span>
    </p>
   </div>
   <div class='ocr_carea' id='block_1_5' title="bbox 353 507 2003 588">
    <p class='ocr_par' dir='ltr' id='par_1_5' title="bbox 353 507 2003 588">
     <span class='ocr_line' id='line_1_5' title="bbox 353 507 2003 588; baseline -0.007 -16"><span class='ocrx_word' id='word_1_19' title='bbox 353 514 756 588; x_wconf 85' lang='lat' dir='ltr'><strong>blasphemias</strong></span> <span class='ocrx_word' id='word_1_20' title='bbox 812 513 1052 582; x_wconf 81' lang='lat' dir='ltr'><strong>insuper</strong></span> <span class='ocrx_word' id='word_1_21' title='bbox 1104 510 1534 582; x_wconf 74' lang='lat' dir='ltr'><strong>excogitaverit,</strong></span> <span class='ocrx_word' id='word_1_22' title='bbox 1613 507 1830 579; x_wconf 84' lang='lat' dir='ltr'><strong>Deique</strong></span> <span class='ocrx_word' id='word_1_23' title='bbox 1913 507 2003 562; x_wconf 85' lang='lat' dir='ltr'><strong>Fi-</strong></span> 
     </span>
    </p>
   </div>
   <div class='ocr_carea' id='block_1_6' title="bbox 353 600 2004 677">
    <p class='ocr_par' dir='ltr' id='par_1_6' title="bbox 353 600 2004 677">
     <span class='ocr_line' id='line_1_6' title="bbox 353 600 2004 677; baseline -0.007 -16"><span class='ocrx_word' id='word_1_24' title='bbox 353 606 500 662; x_wconf 90' lang='lat' dir='ltr'><strong>lium</strong></span> <span class='ocrx_word' id='word_1_25' title='bbox 535 605 778 677; x_wconf 82' lang='lat' dir='ltr'><strong>primam</strong></span> <span class='ocrx_word' id='word_1_26' title='bbox 810 601 996 657; x_wconf 88' lang='lat' dir='ltr'><strong>Patris</strong></span> <span class='ocrx_word' id='word_1_27' title='bbox 1035 605 1092 654; x_wconf 89' lang='lat' dir='ltr'><strong>et</strong></span> <span class='ocrx_word' id='word_1_28' title='bbox 1139 600 1490 670; x_wconf 64' lang='lat' dir='ltr'><strong>praecipuam</strong></span> <span class='ocrx_word' id='word_1_29' title='bbox 1550 605 1898 662; x_wconf 78' lang='lat' dir='ltr'><strong>creaturam,</strong></span> <span class='ocrx_word' id='word_1_30' title='bbox 1929 602 2004 650; x_wconf 84' lang='lat' dir='ltr'><strong>at-</strong></span> 
     </span>
    </p>
   </div>
   <div class='ocr_carea' id='block_1_7' title="bbox 359 680 2003 767">
    <p class='ocr_par' dir='ltr' id='par_1_7' title="bbox 359 680 2003 767">
     <span class='ocr_line' id='line_1_7' title="bbox 359 680 2003 767; baseline -0.011 -14"><span class='ocrx_word' id='word_1_31' title='bbox 359 711 472 767; x_wconf 85' lang='lat' dir='ltr'><strong>que</strong></span> <span class='ocrx_word' id='word_1_32' title='bbox 501 695 641 751; x_wconf 85' lang='lat' dir='ltr'><strong>adeo</strong></span> <span class='ocrx_word' id='word_1_33' title='bbox 672 692 732 745; x_wconf 84' lang='lat' dir='ltr'><strong>in</strong></span> <span class='ocrx_word' id='word_1_34' title='bbox 767 689 1036 746; x_wconf 89' lang='lat' dir='ltr'><strong>omnibus</strong></span> <span class='ocrx_word' id='word_1_35' title='bbox 1065 687 1325 760; x_wconf 80' lang='grc' dir='ltr'><strong>ἀνόμοιον</strong></span> <span class='ocrx_word' id='word_1_36' title='bbox 1353 684 1606 760; x_wconf 77' lang='grc' dir='ltr'><strong>τρεπτόν,</strong></span> <span class='ocrx_word' id='word_1_37' title='bbox 1636 683 1748 755; x_wconf 76' lang='grc' dir='ltr'>καὶ,</span> <span class='ocrx_word' id='word_1_38' title='bbox 1785 680 2003 752; x_wconf 65' lang='grc' dir='ltr'><strong>δοῦλον,</strong></span> 
     </span>
    </p>
   </div>
   <div class='ocr_carea' id='block_1_8' title="bbox 357 773 2008 846">
    <p class='ocr_par' dir='ltr' id='par_1_8' title="bbox 357 773 2008 846">
     <span class='ocr_line' id='line_1_8' title="bbox 357 773 2008 846; baseline -0.009 -5"><span class='ocrx_word' id='word_1_39' title='bbox 357 786 466 840; x_wconf 88' lang='lat' dir='ltr'><strong>hoc</strong></span> <span class='ocrx_word' id='word_1_40' title='bbox 497 787 586 839; x_wconf 90' lang='lat' dir='ltr'><strong>est</strong></span> <span class='ocrx_word' id='word_1_41' title='bbox 615 778 986 846; x_wconf 82' lang='lat' dir='ltr'><strong>dissimilem,</strong></span> <span class='ocrx_word' id='word_1_42' title='bbox 1020 777 1366 833; x_wconf 81' lang='lat' dir='ltr'><strong>mutabilem</strong></span> <span class='ocrx_word' id='word_1_43' title='bbox 1402 782 1459 831; x_wconf 91' lang='lat' dir='ltr'><strong>et</strong></span> <span class='ocrx_word' id='word_1_44' title='bbox 1491 791 1717 831; x_wconf 87' lang='lat' dir='ltr'><strong>servum</strong></span> <span class='ocrx_word' id='word_1_45' title='bbox 1768 790 1896 829; x_wconf 88' lang='lat' dir='ltr'><strong>esse</strong></span> <span class='ocrx_word' id='word_1_46' title='bbox 1928 773 2008 827; x_wconf 87' lang='lat' dir='ltr'><strong>di-</strong></span> 
     </span>
    </p>
   </div>
   <div class='ocr_carea' id='block_1_9' title="bbox 359 863 2006 937">
    <p class='ocr_par' dir='ltr' id='par_1_9' title="bbox 359 863 2006 937">
     <span class='ocr_line' id='line_1_9' title="bbox 359 863 2006 937; baseline -0.008 -8"><span class='ocrx_word' id='word_1_47' title='bbox 359 869 1006 928; x_wconf 76' lang='lat' dir='ltr'><strong>xerit.‘Sanctissimum</strong></span> <span class='ocrx_word' id='word_1_48' title='bbox 1040 873 1236 922; x_wconf 89' lang='lat' dir='ltr'><strong>autem</strong></span> <span class='ocrx_word' id='word_1_49' title='bbox 1277 866 1556 937; x_wconf 80' lang='lat' dir='ltr'><strong>Spiritum</strong></span> <span class='ocrx_word' id='word_1_50' title='bbox 1592 881 1625 918; x_wconf 89' lang='lat' dir='ltr'><strong>a</strong></span> <span class='ocrx_word' id='word_1_51' title='bbox 1682 863 1824 918; x_wconf 89' lang='lat' dir='ltr'><strong>Filio</strong></span> <span class='ocrx_word' id='word_1_52' title='bbox 1870 878 2006 917; x_wconf 91' lang='lat' dir='ltr'><strong>con-</strong></span> 
     </span>
    </p>
   </div>
   <div class='ocr_carea' id='block_1_10' title="bbox 361 952 2007 1027">
    <p class='ocr_par' dir='ltr' id='par_1_10' title="bbox 361 952 2007 1027">
     <span class='ocr_line' id='line_1_10' title="bbox 361 952 2007 1027; baseline -0.007 -10"><span class='ocrx_word' id='word_1_53' title='bbox 361 962 595 1017; x_wconf 87' lang='lat' dir='ltr'><strong>trariam</strong></span> <span class='ocrx_word' id='word_1_54' title='bbox 629 958 742 1027; x_wconf 87' lang='lat' dir='ltr'><strong>legi</strong></span> <span class='ocrx_word' id='word_1_55' title='bbox 775 956 1002 1012; x_wconf 88' lang='lat' dir='ltr'><strong>Domini</strong></span> <span class='ocrx_word' id='word_1_56' title='bbox 1036 954 1252 1010; x_wconf 90' lang='lat' dir='ltr'><strong>Christi</strong></span> <span class='ocrx_word' id='word_1_57' title='bbox 1286 954 1356 1009; x_wconf 91' lang='lat' dir='ltr'><strong>de</strong></span> <span class='ocrx_word' id='word_1_58' title='bbox 1389 955 1740 1024; x_wconf 77' lang='lat' dir='ltr'><strong>baptismate</strong></span> <span class='ocrx_word' id='word_1_59' title='bbox 1778 952 2007 1021; x_wconf 83' lang='lat' dir='ltr'><strong>tulisse,</strong></span> 
     </span>
    </p>
   </div>
   <div class='ocr_carea' id='block_1_11' title="bbox 361 1041 2009 1118">
    <p class='ocr_par' dir='ltr' id='par_1_11' title="bbox 361 1041 2009 1118">
     <span class='ocr_line' id='line_1_11' title="bbox 361 1041 2009 1118; baseline -0.008 -11"><span class='ocrx_word' id='word_1_60' title='bbox 361 1069 496 1107; x_wconf 92' lang='lat' dir='ltr'><strong>cum</strong></span> <span class='ocrx_word' id='word_1_61' title='bbox 528 1051 692 1118; x_wconf 78' lang='lat' dir='ltr'><strong>dixit,</strong></span> <span class='ocrx_word' id='word_1_62' title='bbox 725 1066 837 1103; x_wconf 87' lang='lat' dir='ltr'><strong>non</strong></span> <span class='ocrx_word' id='word_1_63' title='bbox 873 1062 999 1102; x_wconf 89' lang='lat' dir='ltr'><strong>esse</strong></span> <span class='ocrx_word' id='word_1_64' title='bbox 1048 1047 1233 1100; x_wconf 88' lang='lat' dir='ltr'><strong>tribus</strong></span> <span class='ocrx_word' id='word_1_65' title='bbox 1293 1043 1768 1098; x_wconf 86' lang='lat' dir='ltr'><strong>immersionibus</strong></span> <span class='ocrx_word' id='word_1_66' title='bbox 1822 1041 2009 1112; x_wconf 88' lang='lat' dir='ltr'><strong>bapti-</strong></span> 
     </span>
    </p>
   </div>
   <div class='ocr_carea' id='block_1_12' title="bbox 361 1130 2008 1207">
    <p class='ocr_par' dir='ltr' id='par_1_12' title="bbox 361 1130 2008 1207">
     <span class='ocr_line' id='line_1_12' title="bbox 361 1130 2008 1207; baseline -0.009 -10"><span class='ocrx_word' id='word_1_67' title='bbox 361 1141 614 1196; x_wconf 84' lang='lat' dir='ltr'><strong>zandum</strong></span> <span class='ocrx_word' id='word_1_68' title='bbox 647 1153 832 1207; x_wconf 86' lang='lat' dir='ltr'><strong>neque</strong></span> <span class='ocrx_word' id='word_1_69' title='bbox 862 1135 1207 1190; x_wconf 88' lang='lat' dir='ltr'><strong>Trinitatem</strong></span> <span class='ocrx_word' id='word_1_70' title='bbox 1259 1149 1384 1187; x_wconf 88' lang='lat' dir='ltr'><strong>esse</strong></span> <span class='ocrx_word' id='word_1_71' title='bbox 1444 1131 1851 1199; x_wconf 86' lang='lat' dir='ltr'><strong>invocandam,</strong></span> <span class='ocrx_word' id='word_1_72' title='bbox 1909 1130 2008 1184; x_wconf 90' lang='lat' dir='ltr'><strong>sed</strong></span> 
     </span>
    </p>
   </div>
   <div class='ocr_carea' id='block_1_13' title="bbox 366 1222 2010 1298">
    <p class='ocr_par' dir='ltr' id='par_1_13' title="bbox 366 1222 2010 1298">
     <span class='ocr_line' id='line_1_13' title="bbox 366 1222 2010 1298; baseline -0.008 -13"><span class='ocrx_word' id='word_1_73' title='bbox 366 1229 543 1285; x_wconf 87' lang='lat' dir='ltr'><strong>semel</strong></span> <span class='ocrx_word' id='word_1_74' title='bbox 578 1227 992 1298; x_wconf 87' lang='lat' dir='ltr'><strong>baptizandum</strong></span> <span class='ocrx_word' id='word_1_75' title='bbox 1025 1240 1153 1279; x_wconf 90' lang='lat' dir='ltr'><strong>esse</strong></span> <span class='ocrx_word' id='word_1_76' title='bbox 1184 1224 1242 1276; x_wconf 91' lang='lat' dir='ltr'><strong>in</strong></span> <span class='ocrx_word' id='word_1_77' title='bbox 1276 1222 1490 1278; x_wconf 83' lang='lat' dir='ltr'><strong>Christi</strong></span> <span class='ocrx_word' id='word_1_78' title='bbox 1536 1226 1782 1275; x_wconf 87' lang='lat' dir='ltr'><strong>mortem</strong></span> <span class='ocrx_word' id='word_1_79' title='bbox 1827 1238 1840 1286; x_wconf 85' lang='lat'>;</span> <span class='ocrx_word' id='word_1_80' title='bbox 1901 1235 2010 1273; x_wconf 40' lang='lat' dir='ltr'><strong>ca:-</strong></span> 
     </span>
    </p>
   </div>
   <div class='ocr_carea' id='block_1_14' title="bbox 367 1313 2012 1385">
    <p class='ocr_par' dir='ltr' id='par_1_14' title="bbox 367 1313 2012 1385">
     <span class='ocr_line' id='line_1_14' title="bbox 367 1313 2012 1385; baseline -0.005 -12"><span class='ocrx_word' id='word_1_81' title='bbox 367 1325 561 1373; x_wconf 87' lang='lat' dir='ltr'><strong>terum</strong></span> <span class='ocrx_word' id='word_1_82' title='bbox 595 1332 724 1371; x_wconf 90' lang='lat' dir='ltr'><strong>cum</strong></span> <span class='ocrx_word' id='word_1_83' title='bbox 761 1316 861 1385; x_wconf 88' lang='lat' dir='ltr'><strong>qui</strong></span> <span class='ocrx_word' id='word_1_84' title='bbox 905 1313 1237 1385; x_wconf 88' lang='lat' dir='ltr'><strong>baptizatur</strong></span> <span class='ocrx_word' id='word_1_85' title='bbox 1293 1320 1519 1383; x_wconf 89' lang='lat' dir='ltr'><strong>pectore</strong></span> <span class='ocrx_word' id='word_1_86' title='bbox 1579 1316 1808 1364; x_wconf 88' lang='lat' dir='ltr'><strong>tantum</strong></span> <span class='ocrx_word' id='word_1_87' title='bbox 1843 1316 2012 1364; x_wconf 88' lang='lat' dir='ltr'><strong>tenus</strong></span> 
     </span>
    </p>
   </div>
   <div class='ocr_carea' id='block_1_15' title="bbox 366 1398 2012 1476">
    <p class='ocr_par' dir='ltr' id='par_1_15' title="bbox 366 1398 2012 1476">
     <span class='ocr_line' id='line_1_15' title="bbox 366 1398 2012 1476; baseline -0.005 -13"><span class='ocrx_word' id='word_1_88' title='bbox 366 1423 495 1463; x_wconf 88' lang='lat' dir='ltr'><strong>esse</strong></span> <span class='ocrx_word' id='word_1_89' title='bbox 527 1404 942 1476; x_wconf 89' lang='lat' dir='ltr'><strong>baptizandum</strong></span> <span class='ocrx_word' id='word_1_90' title='bbox 995 1419 1216 1474; x_wconf 84' lang='lat' dir='ltr'><strong>aquave</strong></span> <span class='ocrx_word' id='word_1_91' title='bbox 1276 1401 1712 1472; x_wconf 87' lang='lat' dir='ltr'><strong>intingendum.</strong></span> <span class='ocrx_word' id='word_1_92' title='bbox 1781 1398 2012 1454; x_wconf 81' lang='lat' dir='ltr'><strong>Castoris</strong></span> 
     </span>
    </p>
   </div>
   <div class='ocr_carea' id='block_1_16' title="bbox 367 1488 2012 1566">
    <p class='ocr_par' dir='ltr' id='par_1_16' title="bbox 367 1488 2012 1566">
     <span class='ocr_line' id='line_1_16' title="bbox 367 1488 2012 1566; baseline -0.007 -14"><span class='ocrx_word' id='word_1_93' title='bbox 367 1513 500 1552; x_wconf 90' lang='lat' dir='ltr'><strong>vero</strong></span> <span class='ocrx_word' id='word_1_94' title='bbox 532 1493 791 1566; x_wconf 89' lang='lat' dir='ltr'><strong>corporis</strong></span> <span class='ocrx_word' id='word_1_95' title='bbox 822 1493 1125 1558; x_wconf 89' lang='lat' dir='ltr'><strong>membris,</strong></span> <span class='ocrx_word' id='word_1_96' title='bbox 1160 1495 1441 1561; x_wconf 89' lang='lat' dir='ltr'><strong>tanquam</strong></span> <span class='ocrx_word' id='word_1_97' title='bbox 1476 1488 1724 1560; x_wconf 90' lang='lat' dir='ltr'><strong>impuris</strong></span> <span class='ocrx_word' id='word_1_98' title='bbox 1757 1492 1813 1542; x_wconf 91' lang='lat' dir='ltr'><strong>et</strong></span> <span class='ocrx_word' id='word_1_99' title='bbox 1852 1503 2012 1541; x_wconf 81' lang='lat' dir='ltr'><strong>exse-</strong></span> 
     </span>
    </p>
   </div>
   <div class='ocr_carea' id='block_1_17' title="bbox 370 1576 2012 1653">
    <p class='ocr_par' dir='ltr' id='par_1_17' title="bbox 370 1576 2012 1653">
     <span class='ocr_line' id='line_1_17' title="bbox 370 1576 2012 1653; baseline -0.007 -14"><span class='ocrx_word' id='word_1_100' title='bbox 370 1584 627 1652; x_wconf 85' lang='lat' dir='ltr'><strong>crandis,</strong></span> <span class='ocrx_word' id='word_1_101' title='bbox 657 1597 869 1653; x_wconf 86' lang='lat' dir='ltr'><strong>aquam</strong></span> <span class='ocrx_word' id='word_1_102' title='bbox 903 1579 1160 1651; x_wconf 81' lang='lat' dir='ltr'><strong>inspergi</strong></span> <span class='ocrx_word' id='word_1_103' title='bbox 1226 1578 1568 1650; x_wconf 88' lang='lat' dir='ltr'><strong>prohibebat</strong></span> <span class='ocrx_word' id='word_1_104' title='bbox 1602 1593 1614 1629; x_wconf 91' lang='lat'>:</span> <span class='ocrx_word' id='word_1_105' title='bbox 1677 1576 1837 1629; x_wconf 77' lang='lat' dir='ltr'><strong>nefas</strong></span> <span class='ocrx_word' id='word_1_106' title='bbox 1886 1589 2012 1628; x_wconf 89' lang='lat' dir='ltr'><strong>esse</strong></span> 
     </span>
    </p>
   </div>
   <div class='ocr_carea' id='block_1_18' title="bbox 373 1663 2014 1742">
    <p class='ocr_par' dir='ltr' id='par_1_18' title="bbox 373 1663 2014 1742">
     <span class='ocr_line' id='line_1_18' title="bbox 373 1663 2014 1742; baseline -0.007 -14"><span class='ocrx_word' id='word_1_107' title='bbox 373 1677 555 1729; x_wconf 85' lang='lat' dir='ltr'><strong>ratus.</strong></span> <span class='ocrx_word' id='word_1_108' title='bbox 590 1671 639 1727; x_wconf 90' lang='lat' dir='ltr'><strong>si</strong></span> <span class='ocrx_word' id='word_1_109' title='bbox 671 1672 804 1742; x_wconf 90' lang='lat' dir='ltr'><strong>quis</strong></span> <span class='ocrx_word' id='word_1_110' title='bbox 845 1669 1199 1741; x_wconf 86' lang='lat' dir='ltr'><strong>genitalibus</strong></span> <span class='ocrx_word' id='word_1_111' title='bbox 1243 1667 1526 1723; x_wconf 83' lang='lat' dir='ltr'><strong>membris</strong></span> <span class='ocrx_word' id='word_1_112' title='bbox 1583 1664 1875 1720; x_wconf 81' lang='lat' dir='ltr'><strong>charisma</strong></span> <span class='ocrx_word' id='word_1_113' title='bbox 1931 1663 2014 1717; x_wconf 88' lang='lat' dir='ltr'><strong>in-</strong></span> 
     </span>
    </p>
   </div>
   <div class='ocr_carea' id='block_1_19' title="bbox 374 1756 1729 1833">
    <p class='ocr_par' dir='ltr' id='par_1_19' title="bbox 374 1756 1729 1833">
     <span class='ocr_line' id='line_1_19' title="bbox 374 1756 1729 1833; baseline -0.006 -16"><span class='ocrx_word' id='word_1_114' title='bbox 374 1759 761 1833; x_wconf 88' lang='lat' dir='ltr'><strong>corruptionis</strong></span> <span class='ocrx_word' id='word_1_115' title='bbox 794 1759 1206 1831; x_wconf 88' lang='lat' dir='ltr'><strong>applicandum</strong></span> <span class='ocrx_word' id='word_1_116' title='bbox 1241 1773 1368 1812; x_wconf 85' lang='lat' dir='ltr'><strong>esse</strong></span> <span class='ocrx_word' id='word_1_117' title='bbox 1401 1756 1729 1811; x_wconf 89' lang='lat' dir='ltr'><strong>contendat.</strong></span> 
     </span>
    </p>
   </div>
   <div class='ocr_carea' id='block_1_20' title="bbox 444 1843 2017 1920">
    <p class='ocr_par' dir='ltr' id='par_1_20' title="bbox 444 1843 2017 1920">
     <span class='ocr_line' id='line_1_20' title="bbox 444 1843 2017 1920; baseline -0.006 -14"><span class='ocrx_word' id='word_1_118' title='bbox 444 1852 612 1907; x_wconf 86' lang='lat' dir='ltr'><strong>Aliud</strong></span> <span class='ocrx_word' id='word_1_119' title='bbox 643 1867 776 1906; x_wconf 88' lang='lat' dir='ltr'><strong>vero</strong></span> <span class='ocrx_word' id='word_1_120' title='bbox 801 1849 1082 1920; x_wconf 87' lang='lat' dir='ltr'><strong>quiddam</strong></span> <span class='ocrx_word' id='word_1_121' title='bbox 1117 1868 1150 1904; x_wconf 89' lang='lat' dir='ltr'><strong>a</strong></span> <span class='ocrx_word' id='word_1_122' title='bbox 1181 1850 1240 1904; x_wconf 88' lang='grc' dir='ltr'><strong>Β.</strong></span> <span class='ocrx_word' id='word_1_123' title='bbox 1301 1845 1629 1919; x_wconf 84' lang='lat' dir='ltr'><strong>Epiphanio</strong></span> <span class='ocrx_word' id='word_1_124' title='bbox 1690 1844 1924 1900; x_wconf 86' lang='lat' dir='ltr'><strong>additur</strong></span> <span class='ocrx_word' id='word_1_125' title='bbox 1958 1843 2017 1897; x_wconf 92' lang='lat' dir='ltr'><strong>in</strong></span> 
     </span>
    </p>
   </div>
   <div class='ocr_carea' id='block_1_21' title="bbox 375 1934 2020 2009">
    <p class='ocr_par' dir='ltr' id='par_1_21' title="bbox 375 1934 2020 2009">
     <span class='ocr_line' id='line_1_21' title="bbox 375 1934 2020 2009; baseline -0.005 -13"><span class='ocrx_word' id='word_1_126' title='bbox 375 1943 447 1997; x_wconf 90' lang='lat' dir='ltr'><strong>iis</strong></span> <span class='ocrx_word' id='word_1_127' title='bbox 479 1941 667 2007; x_wconf 87' lang='lat' dir='ltr'><strong>libris,</strong></span> <span class='ocrx_word' id='word_1_128' title='bbox 702 1956 850 2009; x_wconf 84' lang='lat' dir='ltr'><strong>quos</strong></span> <span class='ocrx_word' id='word_1_129' title='bbox 876 1941 1119 1994; x_wconf 82' lang='lat' dir='ltr'><strong>Panaria</strong></span> <span class='ocrx_word' id='word_1_130' title='bbox 1143 1937 1443 2008; x_wconf 89' lang='lat' dir='ltr'><strong>inscripsit</strong></span> <span class='ocrx_word' id='word_1_131' title='bbox 1467 1953 1478 1990; x_wconf 88' lang='lat'>:</span> <span class='ocrx_word' id='word_1_132' title='bbox 1501 1934 1816 1990; x_wconf 85' lang='lat' dir='ltr'><strong>Eunomius</strong></span> <span class='ocrx_word' id='word_1_133' title='bbox 1841 1934 2020 2000; x_wconf 88' lang='lat' dir='ltr'><strong>enim,</strong></span> 
     </span>
    </p>
   </div>
   <div class='ocr_carea' id='block_1_22' title="bbox 378 2021 2023 2098">
    <p class='ocr_par' dir='ltr' id='par_1_22' title="bbox 378 2021 2023 2098">
     <span class='ocr_line' id='line_1_22' title="bbox 378 2021 2023 2098; baseline -0.007 -12"><span class='ocrx_word' id='word_1_134' title='bbox 378 2031 459 2086; x_wconf 90' lang='lat' dir='ltr'><strong>ait</strong></span> <span class='ocrx_word' id='word_1_135' title='bbox 490 2030 607 2095; x_wconf 89' lang='lat' dir='ltr'><strong>ille,</strong></span> <span class='ocrx_word' id='word_1_136' title='bbox 647 2046 745 2084; x_wconf 90' lang='lat' dir='ltr'><strong>eos</strong></span> <span class='ocrx_word' id='word_1_137' title='bbox 771 2029 982 2084; x_wconf 88' lang='lat' dir='ltr'><strong>iterum</strong></span> <span class='ocrx_word' id='word_1_138' title='bbox 1017 2027 1365 2098; x_wconf 85' lang='lat' dir='ltr'><strong>baptizabat,</strong></span> <span class='ocrx_word' id='word_1_139' title='bbox 1421 2025 1520 2097; x_wconf 89' lang='lat' dir='ltr'><strong>qui</strong></span> <span class='ocrx_word' id='word_1_140' title='bbox 1573 2026 1698 2095; x_wconf 89' lang='lat' dir='ltr'><strong>jam</strong></span> <span class='ocrx_word' id='word_1_141' title='bbox 1747 2021 2023 2094; x_wconf 85' lang='lat' dir='ltr'><strong>baptizati</strong></span> 
     </span>
    </p>
   </div>
   <div class='ocr_carea' id='block_1_23' title="bbox 378 2115 2022 2188">
    <p class='ocr_par' dir='ltr' id='par_1_23' title="bbox 378 2115 2022 2188">
     <span class='ocr_line' id='line_1_23' title="bbox 378 2115 2022 2188; baseline -0.006 -13"><span class='ocrx_word' id='word_1_142' title='bbox 378 2123 609 2175; x_wconf 79' lang='lat' dir='ltr'><strong>fuerant</strong></span> <span class='ocrx_word' id='word_1_143' title='bbox 642 2134 655 2175; x_wconf 90' lang='lat'><strong>:</strong></span> <span class='ocrx_word' id='word_1_144' title='bbox 690 2135 823 2173; x_wconf 90' lang='lat' dir='ltr'><strong>cum</strong></span> <span class='ocrx_word' id='word_1_145' title='bbox 857 2117 1212 2188; x_wconf 90' lang='lat' dir='ltr'><strong>quicumque</strong></span> <span class='ocrx_word' id='word_1_146' title='bbox 1255 2117 1325 2170; x_wconf 89' lang='lat' dir='ltr'><strong>ad</strong></span> <span class='ocrx_word' id='word_1_147' title='bbox 1395 2131 1524 2169; x_wconf 91' lang='lat' dir='ltr'><strong>eum</strong></span> <span class='ocrx_word' id='word_1_148' title='bbox 1582 2115 1868 2180; x_wconf 80' lang='lat' dir='ltr'><strong>venirent,</strong></span> <span class='ocrx_word' id='word_1_149' title='bbox 1909 2128 2022 2166; x_wconf 91' lang='lat' dir='ltr'><strong>non</strong></span> 
     </span>
    </p>
   </div>
   <div class='ocr_carea' id='block_1_24' title="bbox 379 2202 2024 2274">
    <p class='ocr_par' dir='ltr' id='par_1_24' title="bbox 379 2202 2024 2274">
     <span class='ocr_line' id='line_1_24' title="bbox 379 2202 2024 2274; baseline -0.005 -9"><span class='ocrx_word' id='word_1_150' title='bbox 379 2212 569 2268; x_wconf 89' lang='lat' dir='ltr'><strong>solum</strong></span> <span class='ocrx_word' id='word_1_151' title='bbox 602 2211 672 2266; x_wconf 86' lang='lat' dir='ltr'><strong>ab</strong></span> <span class='ocrx_word' id='word_1_152' title='bbox 705 2209 1062 2274; x_wconf 79' lang='lat' dir='ltr'><strong>orthodoxis,</strong></span> <span class='ocrx_word' id='word_1_153' title='bbox 1098 2208 1198 2262; x_wconf 91' lang='lat' dir='ltr'><strong>sed</strong></span> <span class='ocrx_word' id='word_1_154' title='bbox 1242 2207 1411 2262; x_wconf 88' lang='lat' dir='ltr'><strong>etiam</strong></span> <span class='ocrx_word' id='word_1_155' title='bbox 1470 2205 1539 2259; x_wconf 90' lang='lat' dir='ltr'><strong>ab</strong></span> <span class='ocrx_word' id='word_1_156' title='bbox 1591 2202 1901 2270; x_wconf 70' lang='lat' dir='ltr'><strong>hmreticis,</strong></span> <span class='ocrx_word' id='word_1_157' title='bbox 1936 2206 2024 2256; x_wconf 89' lang='lat' dir='ltr'><strong>at-</strong></span> 
     </span>
    </p>
   </div>
   <div class='ocr_carea' id='block_1_25' title="bbox 379 2292 2028 2372">
    <p class='ocr_par' dir='ltr' id='par_1_25' title="bbox 379 2292 2028 2372">
     <span class='ocr_line' id='line_1_25' title="bbox 379 2292 2028 2372; baseline -0.007 -16"><span class='ocrx_word' id='word_1_158' title='bbox 379 2301 655 2372; x_wconf 87' lang='lat' dir='ltr'><strong>queipsis</strong></span> <span class='ocrx_word' id='word_1_159' title='bbox 699 2301 840 2354; x_wconf 88' lang='lat' dir='ltr'><strong>adeo</strong></span> <span class='ocrx_word' id='word_1_160' title='bbox 897 2297 1154 2361; x_wconf 79' lang='lat' dir='ltr'><strong>Arianis,</strong></span> <span class='ocrx_word' id='word_1_161' title='bbox 1211 2295 1596 2366; x_wconf 88' lang='lat' dir='ltr'><strong>rebaptisaret</strong></span> <span class='ocrx_word' id='word_1_162' title='bbox 1637 2294 1868 2348; x_wconf 88' lang='lat' dir='ltr'><strong>inverso</strong></span> <span class='ocrx_word' id='word_1_163' title='bbox 1923 2292 2028 2345; x_wconf 87' lang='lat' dir='ltr'><strong>ba-</strong></span> 
     </span>
    </p>
   </div>
   <div class='ocr_carea' id='block_1_26' title="bbox 380 2381 2024 2463">
    <p class='ocr_par' dir='ltr' id='par_1_26' title="bbox 380 2381 2024 2463">
     <span class='ocr_line' id='line_1_26' title="bbox 380 2381 2024 2463; baseline -0.006 -19"><span class='ocrx_word' id='word_1_164' title='bbox 380 2391 783 2463; x_wconf 88' lang='lat' dir='ltr'><strong>ptizandorum</strong></span> <span class='ocrx_word' id='word_1_165' title='bbox 806 2388 994 2459; x_wconf 88' lang='lat' dir='ltr'><strong>capite</strong></span> <span class='ocrx_word' id='word_1_166' title='bbox 1034 2386 1400 2458; x_wconf 87' lang='lat' dir='ltr'><strong>pedibusque</strong></span> <span class='ocrx_word' id='word_1_167' title='bbox 1431 2384 1489 2438; x_wconf 91' lang='lat' dir='ltr'><strong>in</strong></span> <span class='ocrx_word' id='word_1_168' title='bbox 1523 2383 1708 2439; x_wconf 88' lang='lat' dir='ltr'><strong>altum</strong></span> <span class='ocrx_word' id='word_1_169' title='bbox 1735 2381 2024 2447; x_wconf 88' lang='lat' dir='ltr'><strong>sublatis;</strong></span> 
     </span>
    </p>
   </div>
   <div class='ocr_carea' id='block_1_27' title="bbox 382 2474 2027 2550">
    <p class='ocr_par' dir='ltr' id='par_1_27' title="bbox 382 2474 2027 2550">
     <span class='ocr_line' id='line_1_27' title="bbox 382 2474 2027 2550; baseline -0.007 -15"><span class='ocrx_word' id='word_1_170' title='bbox 382 2486 438 2535; x_wconf 87' lang='lat' dir='ltr'><strong>et</strong></span> <span class='ocrx_word' id='word_1_171' title='bbox 469 2479 826 2550; x_wconf 90' lang='lat' dir='ltr'><strong>quicumque</strong></span> <span class='ocrx_word' id='word_1_172' title='bbox 873 2475 1155 2547; x_wconf 89' lang='lat' dir='ltr'><strong>baptizari</strong></span> <span class='ocrx_word' id='word_1_173' title='bbox 1222 2474 1458 2544; x_wconf 88' lang='lat' dir='ltr'><strong>vellent,</strong></span> <span class='ocrx_word' id='word_1_174' title='bbox 1517 2489 1613 2528; x_wconf 91' lang='lat' dir='ltr'><strong>eos</strong></span> <span class='ocrx_word' id='word_1_175' title='bbox 1662 2477 2027 2527; x_wconf 83' lang='lat' dir='ltr'><strong>sacramento</strong></span> 
     </span>
    </p>
   </div>
   <div class='ocr_carea' id='block_1_28' title="bbox 381 2560 2028 2639">
    <p class='ocr_par' dir='ltr' id='par_1_28' title="bbox 381 2560 2028 2639">
     <span class='ocr_line' id='line_1_28' title="bbox 381 2560 2028 2639; baseline -0.006 -16"><span class='ocrx_word' id='word_1_176' title='bbox 381 2568 803 2639; x_wconf 90' lang='lat' dir='ltr'><strong>obstringebat,</strong></span> <span class='ocrx_word' id='word_1_177' title='bbox 836 2583 896 2622; x_wconf 91' lang='lat' dir='ltr'><strong>se</strong></span> <span class='ocrx_word' id='word_1_178' title='bbox 929 2581 1226 2637; x_wconf 86' lang='lat' dir='ltr'><strong>nunquam</strong></span> <span class='ocrx_word' id='word_1_179' title='bbox 1261 2565 1330 2619; x_wconf 89' lang='lat' dir='ltr'><strong>ab</strong></span> <span class='ocrx_word' id='word_1_180' title='bbox 1367 2562 1553 2635; x_wconf 90' lang='lat' dir='ltr'><strong>ipsius</strong></span> <span class='ocrx_word' id='word_1_181' title='bbox 1600 2561 1806 2616; x_wconf 71' lang='lat' dir='ltr'><strong>haaresi</strong></span> <span class='ocrx_word' id='word_1_182' title='bbox 1835 2560 2028 2614; x_wconf 75' lang='lat' dir='ltr'><strong>defec—</strong></span> 
     </span>
    </p>
   </div>
   <div class='ocr_carea' id='block_1_29' title="bbox 381 2649 2028 2728">
    <p class='ocr_par' dir='ltr' id='par_1_29' title="bbox 381 2649 2028 2728">
     <span class='ocr_line' id='line_1_29' title="bbox 381 2649 2028 2728; baseline -0.006 -16"><span class='ocrx_word' id='word_1_183' title='bbox 381 2664 590 2712; x_wconf 90' lang='lat' dir='ltr'><strong>turos:</strong></span> <span class='ocrx_word' id='word_1_184' title='bbox 627 2661 802 2728; x_wconf 90' lang='lat' dir='ltr'><strong>atque</strong></span> <span class='ocrx_word' id='word_1_185' title='bbox 859 2656 950 2710; x_wconf 90' lang='lat' dir='ltr'><strong>his</strong></span> <span class='ocrx_word' id='word_1_186' title='bbox 991 2654 1132 2709; x_wconf 89' lang='lat' dir='ltr'><strong>adeo</strong></span> <span class='ocrx_word' id='word_1_187' title='bbox 1177 2652 1371 2708; x_wconf 85' lang='lat' dir='ltr'><strong>verbis</strong></span> <span class='ocrx_word' id='word_1_188' title='bbox 1432 2652 1743 2706; x_wconf 83' lang='lat' dir='ltr'><strong>utebatur:</strong></span> <span class='ocrx_word' id='word_1_189' title='bbox 1807 2649 1866 2703; x_wconf 90' lang='lat' dir='ltr'><strong>In</strong></span> <span class='ocrx_word' id='word_1_190' title='bbox 1929 2664 2028 2703; x_wconf 92' lang='lat' dir='ltr'><strong>no-</strong></span> 
     </span>
    </p>
   </div>
   <div class='ocr_carea' id='block_1_30' title="bbox 382 2737 2031 2809">
    <p class='ocr_par' dir='ltr' id='par_1_30' title="bbox 382 2737 2031 2809">
     <span class='ocr_line' id='line_1_30' title="bbox 382 2737 2031 2809; baseline -0.008 -5"><span class='ocrx_word' id='word_1_191' title='bbox 382 2749 538 2804; x_wconf 83' lang='lat' dir='ltr'><strong>mine</strong></span> <span class='ocrx_word' id='word_1_192' title='bbox 591 2747 778 2802; x_wconf 88' lang='lat' dir='ltr'><strong>Patris</strong></span> <span class='ocrx_word' id='word_1_193' title='bbox 827 2744 1094 2809; x_wconf 87' lang='lat' dir='ltr'><strong>increati,</strong></span> <span class='ocrx_word' id='word_1_194' title='bbox 1140 2746 1196 2796; x_wconf 86' lang='lat' dir='ltr'><strong>et</strong></span> <span class='ocrx_word' id='word_1_195' title='bbox 1255 2741 1380 2796; x_wconf 83' lang='lat' dir='ltr'><strong>Filii</strong></span> <span class='ocrx_word' id='word_1_196' title='bbox 1439 2739 1640 2807; x_wconf 88' lang='lat' dir='ltr'><strong>creati,</strong></span> <span class='ocrx_word' id='word_1_197' title='bbox 1680 2743 1735 2794; x_wconf 88' lang='lat' dir='ltr'><strong>et</strong></span> <span class='ocrx_word' id='word_1_198' title='bbox 1781 2737 2031 2808; x_wconf 80' lang='lat' dir='ltr'><strong>Spiritus</strong></span> 
     </span>
    </p>
   </div>
   <div class='ocr_carea' id='block_1_31' title="bbox 382 2826 2030 2907">
    <p class='ocr_par' dir='ltr' id='par_1_31' title="bbox 382 2826 2030 2907">
     <span class='ocr_line' id='line_1_31' title="bbox 382 2826 2030 2907; baseline -0.008 -15"><span class='ocrx_word' id='word_1_199' title='bbox 382 2837 824 2904; x_wconf 83' lang='lat' dir='ltr'><strong>sanctiﬁcantis,</strong></span> <span class='ocrx_word' id='word_1_200' title='bbox 885 2835 984 2907; x_wconf 92' lang='lat' dir='ltr'><strong>qui</strong></span> <span class='ocrx_word' id='word_1_201' title='bbox 1029 2831 1232 2888; x_wconf 84' lang='lat' dir='ltr'><strong>aFilio</strong></span> <span class='ocrx_word' id='word_1_202' title='bbox 1289 2839 1515 2885; x_wconf 87' lang='lat' dir='ltr'><strong>creatus</strong></span> <span class='ocrx_word' id='word_1_203' title='bbox 1575 2839 1683 2884; x_wconf 91' lang='lat' dir='ltr'><strong>est.</strong></span> <span class='ocrx_word' id='word_1_204' title='bbox 1740 2827 1928 2896; x_wconf 87' lang='lat' dir='ltr'><strong>llujus</strong></span> <span class='ocrx_word' id='word_1_205' title='bbox 1952 2826 2030 2881; x_wconf 89' lang='lat' dir='ltr'><strong>rei</strong></span> 
     </span>
    </p>
   </div>
   <div class='ocr_carea' id='block_1_32' title="bbox 382 2915 2032 2998">
    <p class='ocr_par' dir='ltr' id='par_1_32' title="bbox 382 2915 2032 2998">
     <span class='ocr_line' id='line_1_32' title="bbox 382 2915 2032 2998; baseline -0.007 -16"><span class='ocrx_word' id='word_1_206' title='bbox 382 2928 569 2998; x_wconf 86' lang='lat' dir='ltr'><strong>gratia</strong></span> <span class='ocrx_word' id='word_1_207' title='bbox 599 2943 732 2980; x_wconf 89' lang='lat' dir='ltr'><strong>cum</strong></span> <span class='ocrx_word' id='word_1_208' title='bbox 763 2925 822 2978; x_wconf 91' lang='lat' dir='ltr'><strong>in</strong></span> <span class='ocrx_word' id='word_1_209' title='bbox 856 2925 1016 2979; x_wconf 88' lang='lat' dir='ltr'><strong>labro</strong></span> <span class='ocrx_word' id='word_1_210' title='bbox 1047 2921 1431 2990; x_wconf 89' lang='lat' dir='ltr'><strong>baptizarent,</strong></span> <span class='ocrx_word' id='word_1_211' title='bbox 1464 2919 1710 2974; x_wconf 85' lang='lat' dir='ltr'><strong>exterius</strong></span> <span class='ocrx_word' id='word_1_212' title='bbox 1755 2915 2032 2971; x_wconf 85' lang='lat' dir='ltr'><strong>collocato</strong></span> 
     </span>
    </p>
   </div>
   <div class='ocr_carea' id='block_1_33' title="bbox 380 3011 2034 3084">
    <p class='ocr_par' dir='ltr' id='par_1_33' title="bbox 380 3011 2034 3084">
     <span class='ocr_line' id='line_1_33' title="bbox 380 3011 2034 3084; baseline -0.005 -13"><span class='ocrx_word' id='word_1_213' title='bbox 380 3017 640 3082; x_wconf 88' lang='lat' dir='ltr'><strong>homine,</strong></span> <span class='ocrx_word' id='word_1_214' title='bbox 673 3021 842 3084; x_wconf 87' lang='lat' dir='ltr'><strong>caput</strong></span> <span class='ocrx_word' id='word_1_215' title='bbox 873 3015 1003 3083; x_wconf 90' lang='lat' dir='ltr'><strong>ejus</strong></span> <span class='ocrx_word' id='word_1_216' title='bbox 1036 3011 1214 3067; x_wconf 84' lang='lat' dir='ltr'><strong>semel</strong></span> <span class='ocrx_word' id='word_1_217' title='bbox 1249 3011 1305 3065; x_wconf 91' lang='lat' dir='ltr'><strong>in</strong></span> <span class='ocrx_word' id='word_1_218' title='bbox 1340 3026 1550 3082; x_wconf 85' lang='lat' dir='ltr'><strong>aquam</strong></span> <span class='ocrx_word' id='word_1_219' title='bbox 1589 3013 1818 3080; x_wconf 77' lang='lat' dir='ltr'><strong>pectore</strong></span> <span class='ocrx_word' id='word_1_220' title='bbox 1863 3011 2034 3062; x_wconf 85' lang='lat' dir='ltr'><strong>tenus</strong></span> 
     </span>
    </p>
   </div>
   <div class='ocr_carea' id='block_1_34' title="bbox 381 3096 2029 3176">
    <p class='ocr_par' dir='ltr' id='par_1_34' title="bbox 381 3096 2029 3176">
     <span class='ocr_line' id='line_1_34' title="bbox 381 3096 2029 3176; baseline -0.008 -15"><span class='ocrx_word' id='word_1_221' title='bbox 381 3103 811 3176; x_wconf 88' lang='lat' dir='ltr'><strong>immergebant</strong></span> <span class='ocrx_word' id='word_1_222' title='bbox 843 3119 856 3158; x_wconf 89' lang='lat'><strong>:</strong></span> <span class='ocrx_word' id='word_1_223' title='bbox 893 3118 1021 3156; x_wconf 89' lang='lat' dir='ltr'><strong>cum</strong></span> <span class='ocrx_word' id='word_1_224' title='bbox 1059 3105 1249 3154; x_wconf 89' lang='lat' dir='ltr'><strong>autem</strong></span> <span class='ocrx_word' id='word_1_225' title='bbox 1285 3098 1600 3170; x_wconf 88' lang='lat' dir='ltr'><strong>aliquando</strong></span> <span class='ocrx_word' id='word_1_226' title='bbox 1628 3096 1936 3160; x_wconf 77' lang='lat' dir='ltr'><strong>evenisset,</strong></span> <span class='ocrx_word' id='word_1_227' title='bbox 1963 3099 2029 3149; x_wconf 90' lang='lat' dir='ltr'><strong>ut</strong></span> 
     </span>
    </p>
   </div>
   <div class='ocr_carea' id='block_1_35' title="bbox 382 3162 2111 3266">
    <p class='ocr_par' dir='ltr' id='par_1_35' title="bbox 382 3162 2111 3266">
     <span class='ocr_line' id='line_1_35' title="bbox 382 3162 2111 3266; baseline -0.008 -16"><span class='ocrx_word' id='word_1_228' title='bbox 382 3162 629 3266; x_wconf 57' lang='lat' dir='ltr'><strong>quidani</strong></span> <span class='ocrx_word' id='word_1_229' title='bbox 651 3191 836 3264; x_wconf 86' lang='lat' dir='ltr'><strong>capite</strong></span> <span class='ocrx_word' id='word_1_230' title='bbox 867 3191 934 3247; x_wconf 90' lang='lat' dir='ltr'><strong>ad</strong></span> <span class='ocrx_word' id='word_1_231' title='bbox 967 3191 1198 3246; x_wconf 89' lang='lat' dir='ltr'><strong>labrum</strong></span> <span class='ocrx_word' id='word_1_232' title='bbox 1233 3162 1403 3244; x_wconf 76' lang='lat' dir='ltr'><strong>alliso</strong></span> <span class='ocrx_word' id='word_1_233' title='bbox 1455 3186 1668 3242; x_wconf 91' lang='lat' dir='ltr'><strong>vulnus</strong></span> <span class='ocrx_word' id='word_1_234' title='bbox 1718 3183 2024 3255; x_wconf 81' lang='lat' dir='ltr'><strong>acciperet,</strong></span> <span class='ocrx_word' id='word_1_235' title='bbox 2069 3162 2111 3227; x_wconf 60' lang='grc' dir='ltr'><strong>(ἶ</strong></span> 
     </span>
    </p>
   </div>
   <div class='ocr_carea' id='block_1_36' title="bbox 385 3273 2028 3350">
    <p class='ocr_par' dir='ltr' id='par_1_36' title="bbox 385 3273 2028 3350">
     <span class='ocr_line' id='line_1_36' title="bbox 385 3273 2028 3350; baseline -0.006 -14"><span class='ocrx_word' id='word_1_236' title='bbox 385 3284 560 3336; x_wconf 81' lang='lat' dir='ltr'><strong>altam</strong></span> <span class='ocrx_word' id='word_1_237' title='bbox 591 3282 966 3350; x_wconf 88' lang='lat' dir='ltr'><strong>baptismatis</strong></span> <span class='ocrx_word' id='word_1_238' title='bbox 1000 3283 1245 3334; x_wconf 84' lang='lat' dir='ltr'><strong>formam</strong></span> <span class='ocrx_word' id='word_1_239' title='bbox 1281 3279 1695 3346; x_wconf 78' lang='lat' dir='ltr'><strong>excogitarunt.</strong></span> <span class='ocrx_word' id='word_1_240' title='bbox 1727 3277 1873 3331; x_wconf 89' lang='lat' dir='ltr'><strong>Nam</strong></span> <span class='ocrx_word' id='word_1_241' title='bbox 1926 3273 2028 3328; x_wconf 88' lang='lat' dir='ltr'><strong>ho-</strong></span> 
     </span>
    </p>
   </div>
   <div class='ocr_carea' id='block_1_37' title="bbox 384 3366 2028 3438">
    <p class='ocr_par' dir='ltr' id='par_1_37' title="bbox 384 3366 2028 3438">
     <span class='ocr_line' id='line_1_37' title="bbox 384 3366 2028 3438; baseline -0.006 -11"><span class='ocrx_word' id='word_1_242' title='bbox 384 3371 545 3428; x_wconf 84' lang='lat' dir='ltr'><strong>mine</strong></span> <span class='ocrx_word' id='word_1_243' title='bbox 577 3385 754 3438; x_wconf 90' lang='lat' dir='ltr'><strong>prono</strong></span> <span class='ocrx_word' id='word_1_244' title='bbox 780 3370 838 3421; x_wconf 93' lang='lat' dir='ltr'><strong>in</strong></span> <span class='ocrx_word' id='word_1_245' title='bbox 881 3370 1034 3422; x_wconf 83' lang='lat' dir='ltr'><strong>fossa</strong></span> <span class='ocrx_word' id='word_1_246' title='bbox 1060 3367 1331 3437; x_wconf 80' lang='lat' dir='ltr'><strong>quapiam</strong></span> <span class='ocrx_word' id='word_1_247' title='bbox 1365 3367 1639 3432; x_wconf 85' lang='lat' dir='ltr'><strong>distento,</strong></span> <span class='ocrx_word' id='word_1_248' title='bbox 1668 3366 1908 3435; x_wconf 83' lang='lat' dir='ltr'><strong>ejusque</strong></span> <span class='ocrx_word' id='word_1_249' title='bbox 1932 3380 2028 3418; x_wconf 90' lang='lat' dir='ltr'><strong>ca-</strong></span> 
     </span>
    </p>
   </div>
   <div class='ocr_carea' id='block_1_38' title="bbox 387 3455 2030 3534">
    <p class='ocr_par' dir='ltr' id='par_1_38' title="bbox 387 3455 2030 3534">
     <span class='ocr_line' id='line_1_38' title="bbox 387 3455 2030 3534; baseline -0.004 -20"><span class='ocrx_word' id='word_1_250' title='bbox 387 3462 506 3534; x_wconf 91' lang='lat' dir='ltr'><strong>pite</strong></span> <span class='ocrx_word' id='word_1_251' title='bbox 537 3461 764 3526; x_wconf 91' lang='lat' dir='ltr'><strong>educto,</strong></span> <span class='ocrx_word' id='word_1_252' title='bbox 799 3462 854 3511; x_wconf 90' lang='lat' dir='ltr'><strong>et</strong></span> <span class='ocrx_word' id='word_1_253' title='bbox 884 3457 1365 3524; x_wconf 84' lang='lat' dir='ltr'><strong>sublato,aquam</strong></span> <span class='ocrx_word' id='word_1_254' title='bbox 1397 3455 1475 3509; x_wconf 86' lang='lat' dir='ltr'><strong>ita</strong></span> <span class='ocrx_word' id='word_1_255' title='bbox 1522 3455 1929 3519; x_wconf 80' lang='lat' dir='ltr'><strong>infundebant,</strong></span> <span class='ocrx_word' id='word_1_256' title='bbox 1964 3456 2030 3508; x_wconf 88' lang='lat' dir='ltr'><strong>ut</strong></span> 
     </span>
    </p>
   </div>
   <div class='ocr_carea' id='block_1_39' title="bbox 377 3543 2028 3613">
    <p class='ocr_par' dir='ltr' id='par_1_39' title="bbox 377 3543 2028 3613">
     <span class='ocr_line' id='line_1_39' title="bbox 377 3543 2028 3613; baseline -0.007 -7"><span class='ocrx_word' id='word_1_257' title='bbox 377 3550 608 3608; x_wconf 89' lang='lat' dir='ltr'><strong>nullum</strong></span> <span class='ocrx_word' id='word_1_258' title='bbox 628 3547 784 3602; x_wconf 84' lang='lat' dir='ltr'><strong>aliud</strong></span> <span class='ocrx_word' id='word_1_259' title='bbox 820 3544 1149 3600; x_wconf 88' lang='lat' dir='ltr'><strong>membrum</strong></span> <span class='ocrx_word' id='word_1_260' title='bbox 1176 3543 1505 3613; x_wconf 83' lang='lat' dir='ltr'><strong>attingeret.</strong></span> <span class='ocrx_word' id='word_1_261' title='bbox 1548 3544 1661 3596; x_wconf 89' lang='lat' dir='ltr'><strong>Nec</strong></span> <span class='ocrx_word' id='word_1_262' title='bbox 1722 3544 2028 3596; x_wconf 85' lang='lat' dir='ltr'><strong>defuerunt</strong></span> 
     </span>
    </p>
   </div>
   <div class='ocr_carea' id='block_1_40' title="bbox 379 3632 2024 3708">
    <p class='ocr_par' dir='ltr' id='par_1_40' title="bbox 379 3632 2024 3708">
     <span class='ocr_line' id='line_1_40' title="bbox 379 3632 2024 3708; baseline -0.003 -11"><span class='ocrx_word' id='word_1_263' title='bbox 379 3643 531 3697; x_wconf 90' lang='lat' dir='ltr'><strong>inter</strong></span> <span class='ocrx_word' id='word_1_264' title='bbox 559 3655 678 3705; x_wconf 89' lang='lat' dir='ltr'><strong>eos,</strong></span> <span class='ocrx_word' id='word_1_265' title='bbox 712 3636 810 3708; x_wconf 90' lang='lat' dir='ltr'><strong>qui</strong></span> <span class='ocrx_word' id='word_1_266' title='bbox 837 3635 1018 3690; x_wconf 88' lang='lat' dir='ltr'><strong>alium</strong></span> <span class='ocrx_word' id='word_1_267' title='bbox 1053 3633 1330 3704; x_wconf 88' lang='lat' dir='ltr'><strong>baptismi</strong></span> <span class='ocrx_word' id='word_1_268' title='bbox 1372 3632 1547 3687; x_wconf 88' lang='lat' dir='ltr'><strong>ritum</strong></span> <span class='ocrx_word' id='word_1_269' title='bbox 1600 3633 2024 3692; x_wconf 87' lang='lat' dir='ltr'><strong>adinvenirent.</strong></span> 
     </span>
    </p>
   </div>
   <div class='ocr_carea' id='block_1_41' title="bbox 379 3723 2024 3802">
    <p class='ocr_par' dir='ltr' id='par_1_41' title="bbox 379 3723 2024 3802">
     <span class='ocr_line' id='line_1_41' title="bbox 379 3723 2024 3802; baseline -0.005 -16"><span class='ocrx_word' id='word_1_270' title='bbox 379 3729 744 3802; x_wconf 83' lang='lat' dir='ltr'><strong>Longissima</strong></span> <span class='ocrx_word' id='word_1_271' title='bbox 775 3726 930 3781; x_wconf 90' lang='lat' dir='ltr'><strong>enim</strong></span> <span class='ocrx_word' id='word_1_272' title='bbox 965 3724 1140 3780; x_wconf 79' lang='lat' dir='ltr'><strong>fascia</strong></span> <span class='ocrx_word' id='word_1_273' title='bbox 1171 3739 1300 3779; x_wconf 90' lang='lat' dir='ltr'><strong>eum</strong></span> <span class='ocrx_word' id='word_1_274' title='bbox 1334 3723 1391 3777; x_wconf 90' lang='lat' dir='ltr'><strong>in</strong></span> <span class='ocrx_word' id='word_1_275' title='bbox 1427 3739 1600 3778; x_wconf 89' lang='lat' dir='ltr'><strong>usum</strong></span> <span class='ocrx_word' id='word_1_276' title='bbox 1635 3727 1854 3795; x_wconf 88' lang='lat' dir='ltr'><strong>parata,</strong></span> <span class='ocrx_word' id='word_1_277' title='bbox 1889 3740 2024 3778; x_wconf 89' lang='lat' dir='ltr'><strong>con-</strong></span> 
     </span>
    </p>
   </div>
   <div class='ocr_carea' id='block_1_42' title="bbox 376 3813 2025 3890">
    <p class='ocr_par' dir='ltr' id='par_1_42' title="bbox 376 3813 2025 3890">
     <span class='ocr_line' id='line_1_42' title="bbox 376 3813 2025 3890; baseline -0.004 -14"><span class='ocrx_word' id='word_1_278' title='bbox 376 3827 713 3890; x_wconf 79' lang='lat' dir='ltr'><strong>secretaque</strong></span> <span class='ocrx_word' id='word_1_279' title='bbox 744 3814 1042 3871; x_wconf 89' lang='lat' dir='ltr'><strong>hominem</strong></span> <span class='ocrx_word' id='word_1_280' title='bbox 1079 3831 1110 3869; x_wconf 92' lang='lat' dir='ltr'><strong>a</strong></span> <span class='ocrx_word' id='word_1_281' title='bbox 1142 3818 1370 3884; x_wconf 91' lang='lat' dir='ltr'><strong>pectore</strong></span> <span class='ocrx_word' id='word_1_282' title='bbox 1402 3829 1588 3882; x_wconf 90' lang='lat' dir='ltr'><strong>usque</strong></span> <span class='ocrx_word' id='word_1_283' title='bbox 1639 3813 1708 3867; x_wconf 89' lang='lat' dir='ltr'><strong>ad</strong></span> <span class='ocrx_word' id='word_1_284' title='bbox 1741 3818 2025 3870; x_wconf 82' lang='lat' dir='ltr'><strong>extremos</strong></span> 
     </span>
    </p>
   </div>
   <div class='ocr_carea' id='block_1_43' title="bbox 377 3900 2023 3979">
    <p class='ocr_par' dir='ltr' id='par_1_43' title="bbox 377 3900 2023 3979">
     <span class='ocr_line' id='line_1_43' title="bbox 377 3900 2023 3979; baseline -0.004 -16"><span class='ocrx_word' id='word_1_285' title='bbox 377 3909 590 3979; x_wconf 90' lang='lat' dir='ltr'><strong>pedum</strong></span> <span class='ocrx_word' id='word_1_286' title='bbox 619 3904 894 3962; x_wconf 87' lang='lat' dir='ltr'><strong>articulos</strong></span> <span class='ocrx_word' id='word_1_287' title='bbox 927 3902 1319 3966; x_wconf 83' lang='lat' dir='ltr'><strong>involvebant,</strong></span> <span class='ocrx_word' id='word_1_288' title='bbox 1353 3905 1477 3956; x_wconf 89' lang='lat' dir='ltr'><strong>tum</strong></span> <span class='ocrx_word' id='word_1_289' title='bbox 1513 3900 1719 3957; x_wconf 89' lang='lat' dir='ltr'><strong>deinde</strong></span> <span class='ocrx_word' id='word_1_290' title='bbox 1761 3901 2023 3974; x_wconf 85' lang='lat' dir='ltr'><strong>superio-</strong></span> 
     </span>
    </p>
   </div>
   <div class='ocr_carea' id='block_1_44' title="bbox 377 3990 1562 4070">
    <p class='ocr_par' dir='ltr' id='par_1_44' title="bbox 377 3990 1562 4070">
     <span class='ocr_line' id='line_1_44' title="bbox 377 3990 1562 4070; baseline -0.005 -16"><span class='ocrx_word' id='word_1_291' title='bbox 377 4013 469 4054; x_wconf 89' lang='lat' dir='ltr'><strong>res</strong></span> <span class='ocrx_word' id='word_1_292' title='bbox 500 3996 755 4070; x_wconf 76' lang='lat' dir='ltr'><strong>corpcris</strong></span> <span class='ocrx_word' id='word_1_293' title='bbox 789 3997 983 4066; x_wconf 88' lang='lat' dir='ltr'><strong>partes</strong></span> <span class='ocrx_word' id='word_1_294' title='bbox 1015 4007 1164 4064; x_wconf 89' lang='lat' dir='ltr'><strong>aqua</strong></span> <span class='ocrx_word' id='word_1_295' title='bbox 1195 3990 1562 4064; x_wconf 86' lang='lat' dir='ltr'><strong>proluebant.</strong></span> 
     </span>
    </p>
   </div>
   <div class='ocr_carea' id='block_1_45' title="bbox 948 4163 1476 4221">
    <p class='ocr_par' dir='ltr' id='par_1_45' title="bbox 948 4163 1476 4221">
     <span class='ocr_line' id='line_1_45' title="bbox 948 4163 1476 4221; baseline -0.009 0"><span class='ocrx_word' id='word_1_296' title='bbox 948 4164 1104 4221; x_wconf 82' lang='lat' dir='ltr'><strong>CAP.</strong></span> <span class='ocrx_word' id='word_1_297' title='bbox 1156 4163 1476 4218; x_wconf 84' lang='lat' dir='ltr'><strong>XXXVIII.</strong></span> 
     </span>
    </p>
   </div>
   <div class='ocr_carea' id='block_1_46' title="bbox 377 4305 2026 4386">
    <p class='ocr_par' dir='ltr' id='par_1_46' title="bbox 377 4305 2026 4386">
     <span class='ocr_line' id='line_1_46' title="bbox 377 4305 2026 4386; baseline -0.006 -14"><span class='ocrx_word' id='word_1_298' title='bbox 377 4311 748 4386; x_wconf 71' lang='lat' dir='ltr'><strong>Apollinarii,</strong></span> <span class='ocrx_word' id='word_1_299' title='bbox 770 4311 983 4386; x_wconf 75' lang='lat' dir='ltr'><strong>Basilii,</strong></span> <span class='ocrx_word' id='word_1_300' title='bbox 1017 4307 1293 4386; x_wconf 62' lang='grc' dir='ltr'><strong>ζῧνρῃοζίᾆ,⁸</strong></span> <span class='ocrx_word' id='word_1_301' title='bbox 1307 4315 1360 4386; x_wconf 72' lang='lat' dir='ltr'><strong>et</strong></span> <span class='ocrx_word' id='word_1_302' title='bbox 1389 4305 1649 4386; x_wconf 77' lang='lat' dir='ltr'><strong>Eunomii</strong></span> <span class='ocrx_word' id='word_1_303' title='bbox 1673 4307 2026 4386; x_wconf 44' lang='lat' dir='ltr'><strong>scriptorum</strong></span> 
     </span>
    </p>
   </div>
   <div class='ocr_carea' id='block_1_47' title="bbox 573 4377 1816 4449">
    <p class='ocr_par' dir='ltr' id='par_1_47' title="bbox 573 4377 1816 4449">
     <span class='ocr_line' id='line_1_47' title="bbox 573 4377 1816 4449; baseline -0.006 -8"><span class='ocrx_word' id='word_1_304' title='bbox 573 4385 724 4441; x_wconf 83' lang='lat' dir='ltr'><strong>inter</strong></span> <span class='ocrx_word' id='word_1_305' title='bbox 751 4399 806 4440; x_wconf 83' lang='lat' dir='ltr'><strong>se</strong></span> <span class='ocrx_word' id='word_1_306' title='bbox 837 4383 1057 4438; x_wconf 77' lang='lat' dir='ltr'><strong>collatio</strong></span> <span class='ocrx_word' id='word_1_307' title='bbox 1088 4377 1160 4435; x_wconf 58' lang='lat' dir='ltr'><strong>ea:</strong></span> <span class='ocrx_word' id='word_1_308' title='bbox 1189 4379 1553 4449; x_wconf 77' lang='lat' dir='ltr'><strong>Philostorgio</strong></span> <span class='ocrx_word' id='word_1_309' title='bbox 1580 4377 1816 4434; x_wconf 80' lang='lat' dir='ltr'><strong>Ariuno.</strong></span> 
     </span>
    </p>
   </div>
   <div class='ocr_carea' id='block_1_48' title="bbox 449 4538 2104 4619">
    <p class='ocr_par' dir='ltr' id='par_1_48' title="bbox 449 4538 2104 4619">
     <span class='ocr_line' id='line_1_48' title="bbox 449 4538 2104 4619; baseline -0.003 -15"><span class='ocrx_word' id='word_1_310' title='bbox 449 4547 672 4619; x_wconf 90' lang='lat' dir='ltr'><strong>Impius</strong></span> <span class='ocrx_word' id='word_1_311' title='bbox 709 4562 877 4617; x_wconf 88' lang='lat' dir='ltr'><strong>porro</strong></span> <span class='ocrx_word' id='word_1_312' title='bbox 912 4543 1004 4598; x_wconf 92' lang='lat' dir='ltr'><strong>ille</strong></span> <span class='ocrx_word' id='word_1_313' title='bbox 1034 4541 1458 4613; x_wconf 87' lang='lat' dir='ltr'><strong>Philostorgius</strong></span> <span class='ocrx_word' id='word_1_314' title='bbox 1508 4543 1706 4596; x_wconf 85' lang='lat' dir='ltr'><strong>octavo</strong></span> <span class='ocrx_word' id='word_1_315' title='bbox 1762 4540 2024 4596; x_wconf 63' lang='lat' dir='ltr'><strong>Historiae</strong></span> <span class='ocrx_word' id='word_1_316' title='bbox 2057 4538 2104 4599; x_wconf 88' lang='lat' dir='ltr'><strong>D</strong></span> 
     </span>
    </p>
   </div>
   <div class='ocr_carea' id='block_1_49' title="bbox 379 4630 2024 4707">
    <p class='ocr_par' dir='ltr' id='par_1_49' title="bbox 379 4630 2024 4707">
     <span class='ocr_line' id='line_1_49' title="bbox 379 4630 2024 4707; baseline -0.004 -13"><span class='ocrx_word' id='word_1_317' title='bbox 379 4655 496 4694; x_wconf 86' lang='lat' dir='ltr'><strong>suae</strong></span> <span class='ocrx_word' id='word_1_318' title='bbox 529 4635 1119 4707; x_wconf 89' lang='lat' dir='ltr'><strong>libroimpiissimum</strong></span> <span class='ocrx_word' id='word_1_319' title='bbox 1156 4633 1310 4686; x_wconf 89' lang='lat' dir='ltr'><strong>hunc</strong></span> <span class='ocrx_word' id='word_1_320' title='bbox 1364 4631 1716 4686; x_wconf 89' lang='lat' dir='ltr'><strong>Eunomium</strong></span> <span class='ocrx_word' id='word_1_321' title='bbox 1775 4630 2024 4687; x_wconf 87' lang='lat' dir='ltr'><strong>laudans</strong></span> 
     </span>
    </p>
   </div>
   <div class='ocr_carea' id='block_1_50' title="bbox 378 4719 2022 4794">
    <p class='ocr_par' dir='ltr' id='par_1_50' title="bbox 378 4719 2022 4794">
     <span class='ocr_line' id='line_1_50' title="bbox 378 4719 2022 4794; baseline -0.005 -11"><span class='ocrx_word' id='word_1_322' title='bbox 378 4731 461 4784; x_wconf 89' lang='lat' dir='ltr'><strong>ita</strong></span> <span class='ocrx_word' id='word_1_323' title='bbox 503 4725 752 4783; x_wconf 89' lang='lat' dir='ltr'><strong>scribit:</strong></span> <span class='ocrx_word' id='word_1_324' title='bbox 818 4721 1214 4794; x_wconf 87' lang='lat' dir='ltr'><strong>Apollinarius</strong></span> <span class='ocrx_word' id='word_1_325' title='bbox 1272 4721 1710 4776; x_wconf 89' lang='lat' dir='ltr'><strong>commentariis</strong></span> <span class='ocrx_word' id='word_1_326' title='bbox 1786 4719 2022 4792; x_wconf 88' lang='lat' dir='ltr'><strong>quidem</strong></span> 
     </span>
    </p>
   </div>
   <div class='ocr_carea' id='block_1_51' title="bbox 379 4809 2022 4883">
    <p class='ocr_par' dir='ltr' id='par_1_51' title="bbox 379 4809 2022 4883">
     <span class='ocr_line' id='line_1_51' title="bbox 379 4809 2022 4883; baseline -0.006 -9"><span class='ocrx_word' id='word_1_327' title='bbox 379 4815 843 4883; x_wconf 89' lang='lat' dir='ltr'><strong>conscribendis,</strong></span> <span class='ocrx_word' id='word_1_328' title='bbox 902 4811 1155 4867; x_wconf 86' lang='lat' dir='ltr'><strong>Basilius</strong></span> <span class='ocrx_word' id='word_1_329' title='bbox 1214 4815 1410 4866; x_wconf 88' lang='lat' dir='ltr'><strong>autem</strong></span> <span class='ocrx_word' id='word_1_330' title='bbox 1488 4809 1866 4865; x_wconf 84' lang='lat' dir='ltr'><strong>concionibus</strong></span> <span class='ocrx_word' id='word_1_331' title='bbox 1952 4810 2022 4864; x_wconf 87' lang='lat' dir='ltr'><strong>ad</strong></span> 
     </span>
    </p>
   </div>
   <div class='ocr_carea' id='block_1_52' title="bbox 380 4899 2026 4982">
    <p class='ocr_par' dir='ltr' id='par_1_52' title="bbox 380 4899 2026 4982">
     <span class='ocr_line' id='line_1_52' title="bbox 380 4899 2026 4982; baseline -0.006 -18"><span class='ocrx_word' id='word_1_332' title='bbox 380 4906 664 4982; x_wconf 87' lang='lat' dir='ltr'><strong>populum</strong></span> <span class='ocrx_word' id='word_1_333' title='bbox 714 4902 1001 4960; x_wconf 90' lang='lat' dir='ltr'><strong>habendis</strong></span> <span class='ocrx_word' id='word_1_334' title='bbox 1050 4900 1415 4957; x_wconf 87' lang='lat' dir='ltr'><strong>clarissimus</strong></span> <span class='ocrx_word' id='word_1_335' title='bbox 1473 4899 1582 4954; x_wconf 82' lang='lat' dir='ltr'><strong>fuit</strong></span> <span class='ocrx_word' id='word_1_336' title='bbox 1645 4917 1657 4967; x_wconf 92' lang='lat'><strong>;</strong></span> <span class='ocrx_word' id='word_1_337' title='bbox 1709 4899 2026 4970; x_wconf 85' lang='lat' dir='ltr'><strong>Gregorius</strong></span> 
     </span>
    </p>
   </div>
   <div class='ocr_carea' id='block_1_53' title="bbox 378 4990 2027 5068">
    <p class='ocr_par' dir='ltr' id='par_1_53' title="bbox 378 4990 2027 5068">
     <span class='ocr_line' id='line_1_53' title="bbox 378 4990 2027 5068; baseline -0.007 -13"><span class='ocrx_word' id='word_1_338' title='bbox 378 5017 510 5056; x_wconf 87' lang='lat' dir='ltr'><strong>vero</strong></span> <span class='ocrx_word' id='word_1_339' title='bbox 542 5004 788 5068; x_wconf 90' lang='lat' dir='ltr'><strong>utraque</strong></span> <span class='ocrx_word' id='word_1_340' title='bbox 840 4994 960 5050; x_wconf 60' lang='lat' dir='ltr'><strong>haec</strong></span> <span class='ocrx_word' id='word_1_341' title='bbox 1019 4992 1090 5047; x_wconf 92' lang='lat' dir='ltr'><strong>ab</strong></span> <span class='ocrx_word' id='word_1_342' title='bbox 1151 4996 1396 5063; x_wconf 90' lang='lat' dir='ltr'><strong>utroque</strong></span> <span class='ocrx_word' id='word_1_343' title='bbox 1447 4993 1748 5046; x_wconf 88' lang='lat' dir='ltr'><strong>mutuatus</strong></span> <span class='ocrx_word' id='word_1_344' title='bbox 1807 4990 2027 5060; x_wconf 83' lang='lat' dir='ltr'><strong>majore</strong></span> 
     </span>
    </p>
   </div>
   <div class='ocr_carea' id='block_1_54' title="bbox 379 5080 2026 5154">
    <p class='ocr_par' dir='ltr' id='par_1_54' title="bbox 379 5080 2026 5154">
     <span class='ocr_line' id='line_1_54' title="bbox 379 5080 2026 5154; baseline -0.007 -7"><span class='ocrx_word' id='word_1_345' title='bbox 379 5107 513 5147; x_wconf 91' lang='lat' dir='ltr'><strong>cum</strong></span> <span class='ocrx_word' id='word_1_346' title='bbox 543 5086 854 5143; x_wconf 88' lang='lat' dir='ltr'><strong>verborum</strong></span> <span class='ocrx_word' id='word_1_347' title='bbox 915 5081 1202 5154; x_wconf 81' lang='lat' dir='ltr'><strong>elegantia</strong></span> <span class='ocrx_word' id='word_1_348' title='bbox 1259 5080 1488 5151; x_wconf 86' lang='lat' dir='ltr'><strong>scripsit</strong></span> <span class='ocrx_word' id='word_1_349' title='bbox 1523 5096 1537 5134; x_wconf 90' lang='lat'><strong>:</strong></span> <span class='ocrx_word' id='word_1_350' title='bbox 1582 5083 1752 5151; x_wconf 88' lang='lat' dir='ltr'><strong>atque</strong></span> <span class='ocrx_word' id='word_1_351' title='bbox 1783 5080 2026 5135; x_wconf 91' lang='lat' dir='ltr'><strong>dicendo</strong></span> 
     </span>
    </p>
   </div>
   <div class='ocr_carea' id='block_1_55' title="bbox 378 5169 2028 5252">
    <p class='ocr_par' dir='ltr' id='par_1_55' title="bbox 378 5169 2028 5252">
     <span class='ocr_line' id='line_1_55' title="bbox 378 5169 2028 5252; baseline -0.008 -16"><span class='ocrx_word' id='word_1_352' title='bbox 378 5180 614 5252; x_wconf 87' lang='lat' dir='ltr'><strong>quidem</strong></span> <span class='ocrx_word' id='word_1_353' title='bbox 661 5193 722 5232; x_wconf 90' lang='lat' dir='ltr'><strong>se</strong></span> <span class='ocrx_word' id='word_1_354' title='bbox 781 5173 951 5244; x_wconf 86' lang='lat' dir='ltr'><strong>longe</strong></span> <span class='ocrx_word' id='word_1_355' title='bbox 1009 5169 1368 5242; x_wconf 86' lang='lat' dir='ltr'><strong>Apollinario</strong></span> <span class='ocrx_word' id='word_1_356' title='bbox 1430 5169 1836 5238; x_wconf 87' lang='lat' dir='ltr'><strong>maturiorem,</strong></span> <span class='ocrx_word' id='word_1_357' title='bbox 1875 5169 2028 5223; x_wconf 88' lang='lat' dir='ltr'><strong>Basi-</strong></span> 
     </span>
    </p>
   </div>
   <div class='ocr_carea' id='block_1_56' title="bbox 377 5257 2026 5340">
    <p class='ocr_par' dir='ltr' id='par_1_56' title="bbox 377 5257 2026 5340">
     <span class='ocr_line' id='line_1_56' title="bbox 377 5257 2026 5340; baseline -0.007 -17"><span class='ocrx_word' id='word_1_358' title='bbox 377 5272 571 5340; x_wconf 89' lang='lat' dir='ltr'><strong>lioque</strong></span> <span class='ocrx_word' id='word_1_359' title='bbox 599 5266 934 5333; x_wconf 83' lang='lat' dir='ltr'><strong>ﬁrmiorem,</strong></span> <span class='ocrx_word' id='word_1_360' title='bbox 968 5266 1024 5318; x_wconf 90' lang='lat' dir='ltr'><strong>et</strong></span> <span class='ocrx_word' id='word_1_361' title='bbox 1051 5260 1539 5317; x_wconf 87' lang='lat' dir='ltr'><strong>vehementiorem</strong></span> <span class='ocrx_word' id='word_1_362' title='bbox 1582 5258 1868 5330; x_wconf 67' lang='lat' dir='ltr'><strong>praestitit.</strong></span> <span class='ocrx_word' id='word_1_363' title='bbox 1913 5257 2026 5313; x_wconf 87' lang='lat' dir='ltr'><strong>Ita-</strong></span> 
     </span>
    </p>
   </div>
   <div class='ocr_carea' id='block_1_57' title="bbox 379 5347 2027 5429">
    <p class='ocr_par' dir='ltr' id='par_1_57' title="bbox 379 5347 2027 5429">
     <span class='ocr_line' id='line_1_57' title="bbox 379 5347 2027 5429; baseline -0.005 -18"><span class='ocrx_word' id='word_1_364' title='bbox 379 5375 492 5426; x_wconf 83' lang='lat' dir='ltr'><strong>que</strong></span> <span class='ocrx_word' id='word_1_365' title='bbox 524 5355 918 5429; x_wconf 85' lang='lat' dir='ltr'><strong>Apollinarius</strong></span> <span class='ocrx_word' id='word_1_366' title='bbox 969 5357 1027 5408; x_wconf 90' lang='lat' dir='ltr'><strong>et</strong></span> <span class='ocrx_word' id='word_1_367' title='bbox 1080 5349 1332 5406; x_wconf 88' lang='lat' dir='ltr'><strong>Basilius</strong></span> <span class='ocrx_word' id='word_1_368' title='bbox 1373 5349 1652 5405; x_wconf 83' lang='lat' dir='ltr'><strong>adversus</strong></span> <span class='ocrx_word' id='word_1_369' title='bbox 1687 5347 2027 5419; x_wconf 85' lang='lat' dir='ltr'><strong>Apologiam</strong></span> 
     </span>
    </p>
   </div>
   <div class='ocr_carea' id='block_1_58' title="bbox 380 5435 2030 5514">
    <p class='ocr_par' dir='ltr' id='par_1_58' title="bbox 380 5435 2030 5514">
     <span class='ocr_line' id='line_1_58' title="bbox 380 5435 2030 5514; baseline -0.002 -18"><span class='ocrx_word' id='word_1_370' title='bbox 380 5443 541 5496; x_wconf 85' lang='lat' dir='ltr'><strong>illam</strong></span> <span class='ocrx_word' id='word_1_371' title='bbox 573 5445 953 5514; x_wconf 85' lang='lat' dir='ltr'><strong>scripserunt,</strong></span> <span class='ocrx_word' id='word_1_372' title='bbox 989 5457 1164 5512; x_wconf 89' lang='lat' dir='ltr'><strong>quam</strong></span> <span class='ocrx_word' id='word_1_373' title='bbox 1199 5439 1518 5494; x_wconf 84' lang='lat' dir='ltr'><strong>Eunomius</strong></span> <span class='ocrx_word' id='word_1_374' title='bbox 1549 5438 1827 5494; x_wconf 82' lang='lat' dir='ltr'><strong>ediderat.</strong></span> <span class='ocrx_word' id='word_1_375' title='bbox 1889 5435 2030 5492; x_wconf 91' lang='lat' dir='ltr'><strong>Gre-</strong></span> 
     </span>
    </p>
   </div>
   <div class='ocr_carea' id='block_1_59' title="bbox 385 5527 2027 5606">
    <p class='ocr_par' dir='ltr' id='par_1_59' title="bbox 385 5527 2027 5606">
     <span class='ocr_line' id='line_1_59' title="bbox 385 5527 2027 5606; baseline -0.004 -18"><span class='ocrx_word' id='word_1_376' title='bbox 385 5534 585 5606; x_wconf 84' lang='lat' dir='ltr'><strong>gorius</strong></span> <span class='ocrx_word' id='word_1_377' title='bbox 615 5536 808 5584; x_wconf 85' lang='lat' dir='ltr'><strong>autem</strong></span> <span class='ocrx_word' id='word_1_378' title='bbox 841 5533 932 5599; x_wconf 90' lang='lat' dir='ltr'><strong>(ne</strong></span> <span class='ocrx_word' id='word_1_379' title='bbox 965 5532 1096 5601; x_wconf 89' lang='lat' dir='ltr'><strong>quis</strong></span> <span class='ocrx_word' id='word_1_380' title='bbox 1141 5536 1333 5584; x_wconf 81' lang='lat' dir='ltr'><strong>tamen</strong></span> <span class='ocrx_word' id='word_1_381' title='bbox 1398 5530 1500 5583; x_wconf 88' lang='lat' dir='ltr'><strong>hoc</strong></span> <span class='ocrx_word' id='word_1_382' title='bbox 1557 5529 1624 5583; x_wconf 88' lang='lat' dir='ltr'><strong>ad</strong></span> <span class='ocrx_word' id='word_1_383' title='bbox 1661 5527 2027 5598; x_wconf 86' lang='lat' dir='ltr'><strong>prudentiam</strong></span> 
     </span>
    </p>
   </div>
   <div class='ocr_carea' id='block_1_60' title="bbox 387 5618 2031 5687">
    <p class='ocr_par' dir='ltr' id='par_1_60' title="bbox 387 5618 2031 5687">
     <span class='ocr_line' id='line_1_60' title="bbox 387 5618 2031 5687; baseline -0.002 -12"><span class='ocrx_word' id='word_1_384' title='bbox 387 5621 499 5680; x_wconf 84' lang='lat' dir='ltr'><strong>viri</strong></span> <span class='ocrx_word' id='word_1_385' title='bbox 547 5618 1062 5672; x_wconf 83' lang='lat' dir='ltr'><strong>demonstrandam</strong></span> <span class='ocrx_word' id='word_1_386' title='bbox 1116 5618 1225 5672; x_wconf 90' lang='lat' dir='ltr'><strong>sibi</strong></span> <span class='ocrx_word' id='word_1_387' title='bbox 1284 5619 1567 5687; x_wconf 88' lang='lat' dir='ltr'><strong>assumat)</strong></span> <span class='ocrx_word' id='word_1_388' title='bbox 1621 5634 1754 5672; x_wconf 91' lang='lat' dir='ltr'><strong>cum</strong></span> <span class='ocrx_word' id='word_1_389' title='bbox 1814 5633 2031 5687; x_wconf 86' lang='lat' dir='ltr'><strong>cogno-</strong></span> 
     </span>
    </p>
   </div>
   <div class='ocr_carea' id='block_1_61' title="bbox 2111 507 3793 578">
    <p class='ocr_par' dir='ltr' id='par_1_61' title="bbox 2111 507 3793 578">
     <span class='ocr_line' id='line_1_61' title="bbox 2111 507 3793 578; baseline 0.002 -15"><span class='ocrx_word' id='word_1_390' title='bbox 2111 510 2299 573; x_wconf 86' lang='lat' dir='ltr'><strong>ferret,</strong></span> <span class='ocrx_word' id='word_1_391' title='bbox 2332 513 2634 578; x_wconf 89' lang='lat' dir='ltr'><strong>tacereque</strong></span> <span class='ocrx_word' id='word_1_392' title='bbox 2665 523 2840 577; x_wconf 87' lang='lat' dir='ltr'><strong>quam</strong></span> <span class='ocrx_word' id='word_1_393' title='bbox 2872 508 3122 562; x_wconf 89' lang='lat' dir='ltr'><strong>scribere</strong></span> <span class='ocrx_word' id='word_1_394' title='bbox 3151 507 3373 572; x_wconf 78' lang='lat' dir='ltr'><strong>mallet,</strong></span> <span class='ocrx_word' id='word_1_395' title='bbox 3416 525 3485 564; x_wconf 90' lang='lat' dir='ltr'><strong>eo</strong></span> <span class='ocrx_word' id='word_1_396' title='bbox 3554 513 3793 566; x_wconf 74' lang='lat' dir='ltr'><strong>factum</strong></span> 
     </span>
    </p>
   </div>
   <div class='ocr_carea' id='block_1_62' title="bbox 2110 596 3798 669">
    <p class='ocr_par' dir='ltr' id='par_1_62' title="bbox 2110 596 3798 669">
     <span class='ocr_line' id='line_1_62' title="bbox 2110 596 3798 669; baseline 0.003 -18"><span class='ocrx_word' id='word_1_397' title='bbox 2110 602 2217 666; x_wconf 85' lang='lat' dir='ltr'><strong>est,</strong></span> <span class='ocrx_word' id='word_1_398' title='bbox 2251 601 2316 651; x_wconf 92' lang='lat' dir='ltr'><strong>ut</strong></span> <span class='ocrx_word' id='word_1_399' title='bbox 2347 597 2630 651; x_wconf 89' lang='lat' dir='ltr'><strong>nonnulla</strong></span> <span class='ocrx_word' id='word_1_400' title='bbox 2662 596 2944 652; x_wconf 85' lang='lat' dir='ltr'><strong>duntaxat</strong></span> <span class='ocrx_word' id='word_1_401' title='bbox 2982 598 3252 652; x_wconf 90' lang='lat' dir='ltr'><strong>Eunomii</strong></span> <span class='ocrx_word' id='word_1_402' title='bbox 3283 600 3485 669; x_wconf 84' lang='lat' dir='ltr'><strong>capita</strong></span> <span class='ocrx_word' id='word_1_403' title='bbox 3518 600 3587 653; x_wconf 80' lang='lat' dir='ltr'><strong>in</strong></span> <span class='ocrx_word' id='word_1_404' title='bbox 3652 617 3798 656; x_wconf 85' lang='lat' dir='ltr'><strong>ora-</strong></span> 
     </span>
    </p>
   </div>
   <div class='ocr_carea' id='block_1_63' title="bbox 2110 686 3797 762">
    <p class='ocr_par' dir='ltr' id='par_1_63' title="bbox 2110 686 3797 762">
     <span class='ocr_line' id='line_1_63' title="bbox 2110 686 3797 762; baseline 0.002 -20"><span class='ocrx_word' id='word_1_405' title='bbox 2110 689 2264 742; x_wconf 90' lang='lat' dir='ltr'><strong>tione</strong></span> <span class='ocrx_word' id='word_1_406' title='bbox 2298 688 2369 741; x_wconf 84' lang='lat' dir='ltr'><strong>De</strong></span> <span class='ocrx_word' id='word_1_407' title='bbox 2396 688 2545 742; x_wconf 74' lang='lat' dir='ltr'><strong>Filio</strong></span> <span class='ocrx_word' id='word_1_408' title='bbox 2576 686 2925 753; x_wconf 81' lang='lat' dir='ltr'><strong>refulaverit,</strong></span> <span class='ocrx_word' id='word_1_409' title='bbox 2976 686 3200 758; x_wconf 87' lang='lat' dir='ltr'><strong>hocque</strong></span> <span class='ocrx_word' id='word_1_410' title='bbox 3252 692 3548 759; x_wconf 86' lang='lat' dir='ltr'><strong>tanquam</strong></span> <span class='ocrx_word' id='word_1_411' title='bbox 3584 691 3797 762; x_wconf 87' lang='lat' dir='ltr'><strong>speci-</strong></span> 
     </span>
    </p>
   </div>
   <div class='ocr_carea' id='block_1_64' title="bbox 2113 776 3796 834">
    <p class='ocr_par' dir='ltr' id='par_1_64' title="bbox 2113 776 3796 834">
     <span class='ocr_line' id='line_1_64' title="bbox 2113 776 3796 834; baseline 0.001 -2"><span class='ocrx_word' id='word_1_412' title='bbox 2113 793 2242 832; x_wconf 89' lang='lat' dir='ltr'><strong>men</strong></span> <span class='ocrx_word' id='word_1_413' title='bbox 2280 776 2711 833; x_wconf 84' lang='lat' dir='ltr'><strong>Confutationis</strong></span> <span class='ocrx_word' id='word_1_414' title='bbox 2761 783 3175 832; x_wconf 68' lang='lat' dir='ltr'><strong>Anommorum</strong></span> <span class='ocrx_word' id='word_1_415' title='bbox 3234 777 3513 833; x_wconf 86' lang='lat' dir='ltr'><strong>ediderit.</strong></span> <span class='ocrx_word' id='word_1_416' title='bbox 3575 783 3796 834; x_wconf 83' lang='lat' dir='ltr'><strong>Euno-</strong></span> 
     </span>
    </p>
   </div>
   <div class='ocr_carea' id='block_1_65' title="bbox 2113 866 3795 939">
    <p class='ocr_par' dir='ltr' id='par_1_65' title="bbox 2113 866 3795 939">
     <span class='ocr_line' id='line_1_65' title="bbox 2113 866 3795 939; baseline 0.001 -17"><span class='ocrx_word' id='word_1_417' title='bbox 2113 867 2268 922; x_wconf 89' lang='lat' dir='ltr'><strong>mius</strong></span> <span class='ocrx_word' id='word_1_418' title='bbox 2299 871 2494 922; x_wconf 90' lang='lat' dir='ltr'><strong>autem</strong></span> <span class='ocrx_word' id='word_1_419' title='bbox 2527 866 2955 937; x_wconf 83' lang='lat' dir='ltr'><strong>Apollinarium</strong></span> <span class='ocrx_word' id='word_1_420' title='bbox 2989 882 3058 920; x_wconf 91' lang='lat' dir='ltr'><strong>ne</strong></span> <span class='ocrx_word' id='word_1_421' title='bbox 3090 867 3501 923; x_wconf 81' lang='lat' dir='ltr'><strong>confutatione</strong></span> <span class='ocrx_word' id='word_1_422' title='bbox 3540 870 3795 939; x_wconf 86' lang='lat' dir='ltr'><strong>quidem</strong></span> 
     </span>
    </p>
   </div>
   <div class='ocr_carea' id='block_1_66' title="bbox 2114 954 3792 1027">
    <p class='ocr_par' dir='ltr' id='par_1_66' title="bbox 2114 954 3792 1027">
     <span class='ocr_line' id='line_1_66' title="bbox 2114 954 3792 1027; baseline 0.002 -17"><span class='ocrx_word' id='word_1_423' title='bbox 2114 957 2388 1027; x_wconf 88' lang='lat' dir='ltr'><strong>dignatus</strong></span> <span class='ocrx_word' id='word_1_424' title='bbox 2415 961 2524 1010; x_wconf 89' lang='lat' dir='ltr'><strong>est.</strong></span> <span class='ocrx_word' id='word_1_425' title='bbox 2559 954 2721 1026; x_wconf 77' lang='lat' dir='ltr'><strong>Stylo</strong></span> <span class='ocrx_word' id='word_1_426' title='bbox 2753 955 2908 1010; x_wconf 90' lang='lat' dir='ltr'><strong>enim</strong></span> <span class='ocrx_word' id='word_1_427' title='bbox 2969 971 3168 1010; x_wconf 87' lang='lat' dir='ltr'><strong>revera</strong></span> <span class='ocrx_word' id='word_1_428' title='bbox 3225 955 3469 1010; x_wconf 89' lang='lat' dir='ltr'><strong>ﬂaccido</strong></span> <span class='ocrx_word' id='word_1_429' title='bbox 3504 961 3564 1012; x_wconf 88' lang='lat' dir='ltr'><strong>et</strong></span> <span class='ocrx_word' id='word_1_430' title='bbox 3595 957 3792 1013; x_wconf 85' lang='lat' dir='ltr'><strong>imbe-</strong></span> 
     </span>
    </p>
   </div>
   <div class='ocr_carea' id='block_1_67' title="bbox 2115 1046 3786 1118">
    <p class='ocr_par' dir='ltr' id='par_1_67' title="bbox 2115 1046 3786 1118">
     <span class='ocr_line' id='line_1_67' title="bbox 2115 1046 3786 1118; baseline 0.001 -17"><span class='ocrx_word' id='word_1_431' title='bbox 2115 1047 2430 1115; x_wconf 81' lang='lat' dir='ltr'><strong>cilli,atque</strong></span> <span class='ocrx_word' id='word_1_432' title='bbox 2461 1047 2713 1118; x_wconf 89' lang='lat' dir='ltr'><strong>pugione</strong></span> <span class='ocrx_word' id='word_1_433' title='bbox 2742 1048 2830 1115; x_wconf 87' lang='lat' dir='ltr'><strong>(ut</strong></span> <span class='ocrx_word' id='word_1_434' title='bbox 2885 1046 2964 1101; x_wconf 92' lang='lat' dir='ltr'><strong>ita</strong></span> <span class='ocrx_word' id='word_1_435' title='bbox 3024 1046 3232 1116; x_wconf 87' lang='lat' dir='ltr'><strong>dicam)</strong></span> <span class='ocrx_word' id='word_1_436' title='bbox 3294 1047 3576 1118; x_wconf 85' lang='lat' dir='ltr'><strong>plumbeo</strong></span> <span class='ocrx_word' id='word_1_437' title='bbox 3609 1048 3786 1104; x_wconf 90' lang='lat' dir='ltr'><strong>illum</strong></span> 
     </span>
    </p>
   </div>
   <div class='ocr_carea' id='block_1_68' title="bbox 2115 1135 3790 1207">
    <p class='ocr_par' dir='ltr' id='par_1_68' title="bbox 2115 1135 3790 1207">
     <span class='ocr_line' id='line_1_68' title="bbox 2115 1135 3790 1207; baseline 0.001 -15"><span class='ocrx_word' id='word_1_438' title='bbox 2115 1152 2426 1207; x_wconf 72' lang='lat' dir='ltr'><strong>aggressus</strong></span> <span class='ocrx_word' id='word_1_439' title='bbox 2455 1144 2561 1191; x_wconf 89' lang='lat' dir='ltr'><strong>est.</strong></span> <span class='ocrx_word' id='word_1_440' title='bbox 2599 1137 2672 1189; x_wconf 82' lang='lat' dir='ltr'><strong>At</strong></span> <span class='ocrx_word' id='word_1_441' title='bbox 2698 1135 2981 1190; x_wconf 89' lang='lat' dir='ltr'><strong>Basilium</strong></span> <span class='ocrx_word' id='word_1_442' title='bbox 3026 1136 3285 1206; x_wconf 88' lang='lat' dir='ltr'><strong>quinque</strong></span> <span class='ocrx_word' id='word_1_443' title='bbox 3342 1135 3519 1192; x_wconf 79' lang='lat' dir='ltr'><strong>libris</strong></span> <span class='ocrx_word' id='word_1_444' title='bbox 3575 1141 3790 1193; x_wconf 76' lang='lat' dir='ltr'><strong>coniu-</strong></span> 
     </span>
    </p>
   </div>
   <div class='ocr_carea' id='block_1_69' title="bbox 2117 1223 3789 1295">
    <p class='ocr_par' dir='ltr' id='par_1_69' title="bbox 2117 1223 3789 1295">
     <span class='ocr_line' id='line_1_69' title="bbox 2117 1223 3789 1295; baseline 0.002 -15"><span class='ocrx_word' id='word_1_445' title='bbox 2117 1225 2283 1290; x_wconf 84' lang='lat' dir='ltr'><strong>tavit,</strong></span> <span class='ocrx_word' id='word_1_446' title='bbox 2316 1241 2568 1295; x_wconf 84' lang='lat' dir='ltr'><strong>quorum</strong></span> <span class='ocrx_word' id='word_1_447' title='bbox 2603 1226 2765 1290; x_wconf 85' lang='lat' dir='ltr'><strong>duos,</strong></span> <span class='ocrx_word' id='word_1_448' title='bbox 2833 1225 2935 1294; x_wconf 91' lang='lat' dir='ltr'><strong>qui</strong></span> <span class='ocrx_word' id='word_1_449' title='bbox 2995 1223 3172 1295; x_wconf 89' lang='lat' dir='ltr'><strong>primi</strong></span> <span class='ocrx_word' id='word_1_450' title='bbox 3213 1224 3355 1279; x_wconf 86' lang='lat' dir='ltr'><strong>editi</strong></span> <span class='ocrx_word' id='word_1_451' title='bbox 3421 1227 3676 1288; x_wconf 79' lang='lat' dir='ltr'><strong>fuerant,</strong></span> <span class='ocrx_word' id='word_1_452' title='bbox 3705 1229 3789 1283; x_wconf 79' lang='lat' dir='ltr'><strong>si-</strong></span> 
     </span>
    </p>
   </div>
   <div class='ocr_carea' id='block_1_70' title="bbox 2120 1313 3800 1388">
    <p class='ocr_par' dir='ltr' id='par_1_70' title="bbox 2120 1313 3800 1388">
     <span class='ocr_line' id='line_1_70' title="bbox 2120 1313 3800 1388; baseline 0.002 -19"><span class='ocrx_word' id='word_1_453' title='bbox 2120 1314 2242 1369; x_wconf 90' lang='lat' dir='ltr'><strong>mul</strong></span> <span class='ocrx_word' id='word_1_454' title='bbox 2274 1319 2451 1384; x_wconf 89' lang='lat' dir='ltr'><strong>atque</strong></span> <span class='ocrx_word' id='word_1_455' title='bbox 2484 1313 2737 1370; x_wconf 87' lang='lat' dir='ltr'><strong>Basilius</strong></span> <span class='ocrx_word' id='word_1_456' title='bbox 2787 1315 3030 1384; x_wconf 85' lang='lat' dir='ltr'><strong>accepit,</strong></span> <span class='ocrx_word' id='word_1_457' title='bbox 3091 1330 3207 1384; x_wconf 69' lang='lat' dir='ltr'><strong>prie</strong></span> <span class='ocrx_word' id='word_1_458' title='bbox 3259 1314 3447 1369; x_wconf 86' lang='lat' dir='ltr'><strong>animi</strong></span> <span class='ocrx_word' id='word_1_459' title='bbox 3509 1318 3800 1388; x_wconf 77' lang='lat' dir='ltr'><strong>angustia</strong></span> 
     </span>
    </p>
   </div>
   <div class='ocr_carea' id='block_1_71' title="bbox 2121 1402 3797 1472">
    <p class='ocr_par' dir='ltr' id='par_1_71' title="bbox 2121 1402 3797 1472">
     <span class='ocr_line' id='line_1_71' title="bbox 2121 1402 3797 1472; baseline 0.004 -16"><span class='ocrx_word' id='word_1_460' title='bbox 2121 1403 2271 1458; x_wconf 88' lang='lat' dir='ltr'><strong>diem</strong></span> <span class='ocrx_word' id='word_1_461' title='bbox 2288 1409 2606 1458; x_wconf 81' lang='lat' dir='ltr'><strong>extremum</strong></span> <span class='ocrx_word' id='word_1_462' title='bbox 2627 1402 3049 1472; x_wconf 85' lang='lat' dir='ltr'><strong>clausit.Atque</strong></span> <span class='ocrx_word' id='word_1_463' title='bbox 3072 1403 3143 1458; x_wconf 92' lang='lat' dir='ltr'><strong>de</strong></span> <span class='ocrx_word' id='word_1_464' title='bbox 3165 1403 3454 1458; x_wconf 84' lang='lat' dir='ltr'><strong>Eunomio</strong></span> <span class='ocrx_word' id='word_1_465' title='bbox 3477 1403 3797 1462; x_wconf 88' lang='lat' dir='ltr'><strong>hactenus.</strong></span> 
     </span>
    </p>
   </div>
   <div class='ocr_carea' id='block_1_72' title="bbox 2715 1511 3180 1568">
    <p class='ocr_par' dir='ltr' id='par_1_72' title="bbox 2715 1511 3180 1568">
     <span class='ocr_line' id='line_1_72' title="bbox 2715 1511 3180 1568; baseline 0.002 -1"><span class='ocrx_word' id='word_1_466' title='bbox 2715 1514 2868 1567; x_wconf 86' lang='lat' dir='ltr'><strong>CAP.</strong></span> <span class='ocrx_word' id='word_1_467' title='bbox 2928 1511 3180 1568; x_wconf 77' lang='lat' dir='ltr'><strong>XXXIX.</strong></span> 
     </span>
    </p>
   </div>
   <div class='ocr_carea' id='block_1_73' title="bbox 2123 1618 3792 1689">
    <p class='ocr_par' dir='ltr' id='par_1_73' title="bbox 2123 1618 3792 1689">
     <span class='ocr_line' id='line_1_73' title="bbox 2123 1618 3792 1689; baseline 0.003 -15"><span class='ocrx_word' id='word_1_468' title='bbox 2123 1619 2269 1675; x_wconf 83' lang='lat' dir='ltr'><strong>Aetii</strong></span> <span class='ocrx_word' id='word_1_469' title='bbox 2307 1620 2648 1687; x_wconf 76' lang='lat' dir='ltr'><strong>opusrulum,</strong></span> <span class='ocrx_word' id='word_1_470' title='bbox 2676 1618 2741 1674; x_wconf 87' lang='lat' dir='ltr'><strong>de</strong></span> <span class='ocrx_word' id='word_1_471' title='bbox 2769 1618 2954 1688; x_wconf 75' lang='lat' dir='ltr'><strong>genito</strong></span> <span class='ocrx_word' id='word_1_472' title='bbox 3009 1626 3063 1674; x_wconf 84' lang='lat' dir='ltr'><strong>et</strong></span> <span class='ocrx_word' id='word_1_473' title='bbox 3123 1621 3366 1688; x_wconf 79' lang='lat' dir='ltr'><strong>ingenito</strong></span> <span class='ocrx_word' id='word_1_474' title='bbox 3414 1621 3656 1689; x_wconf 79' lang='lat' dir='ltr'><strong>triginta</strong></span> <span class='ocrx_word' id='word_1_475' title='bbox 3688 1641 3792 1679; x_wconf 68' lang='lat' dir='ltr'><strong>se:</strong></span> 
     </span>
    </p>
   </div>
   <div class='ocr_carea' id='block_1_74' title="bbox 2195 1690 3798 1771">
    <p class='ocr_par' dir='ltr' id='par_1_74' title="bbox 2195 1690 3798 1771">
     <span class='ocr_line' id='line_1_74' title="bbox 2195 1690 3798 1771; baseline 0.006 -29"><span class='ocrx_word' id='word_1_476' title='bbox 2195 1690 2992 1771; x_wconf 39' lang='lat' dir='ltr'><strong>paralpgisniis.hypothcticis</strong></span> <span class='ocrx_word' id='word_1_477' title='bbox 3022 1697 3302 1761; x_wconf 74' lang='lat' dir='ltr'><strong>constans,</strong></span> <span class='ocrx_word' id='word_1_478' title='bbox 3337 1709 3414 1746; x_wconf 77' lang='lat' dir='ltr'><strong>ex</strong></span> <span class='ocrx_word' id='word_1_479' title='bbox 3442 1697 3623 1750; x_wconf 74' lang='lat' dir='ltr'><strong>sancti</strong></span> <span class='ocrx_word' id='word_1_480' title='bbox 3652 1697 3798 1767; x_wconf 80' lang='lat' dir='ltr'><strong>Epi-</strong></span> 
     </span>
    </p>
   </div>
   <div class='ocr_carea' id='block_1_75' title="bbox 2049 1763 2662 1853">
    <p class='ocr_par' dir='ltr' id='par_1_75' title="bbox 2049 1763 2662 1853">
     <span class='ocr_line' id='line_1_75' title="bbox 2049 1763 2662 1853; baseline 0 -37"><span class='ocrx_word' id='word_1_481' title='bbox 2049 1789 2095 1853; x_wconf 82' lang='lat' dir='ltr'><strong>B</strong></span> <span class='ocrx_word' id='word_1_482' title='bbox 2193 1763 2393 1834; x_wconf 73' lang='lat' dir='ltr'><strong>phanii</strong></span> <span class='ocrx_word' id='word_1_483' title='bbox 2423 1765 2662 1834; x_wconf 76' lang='lat' dir='ltr'><strong>scriptis.</strong></span> 
     </span>
    </p>
   </div>
   <div class='ocr_carea' id='block_1_76' title="bbox 2199 1869 3807 1946">
    <p class='ocr_par' dir='ltr' id='par_1_76' title="bbox 2199 1869 3807 1946">
     <span class='ocr_line' id='line_1_76' title="bbox 2199 1869 3807 1946; baseline 0.005 -22"><span class='ocrx_word' id='word_1_484' title='bbox 2199 1869 2620 1924; x_wconf 81' lang='lat' dir='ltr'><strong>Sanctissimus</strong></span> <span class='ocrx_word' id='word_1_485' title='bbox 2656 1885 2824 1941; x_wconf 91' lang='lat' dir='ltr'><strong>porro</strong></span> <span class='ocrx_word' id='word_1_486' title='bbox 2859 1869 3232 1940; x_wconf 86' lang='lat' dir='ltr'><strong>Epiphanius</strong></span> <span class='ocrx_word' id='word_1_487' title='bbox 3292 1871 3422 1944; x_wconf 71' lang='lat' dir='ltr'><strong>Cyri</strong></span> <span class='ocrx_word' id='word_1_488' title='bbox 3481 1873 3807 1946; x_wconf 87' lang='lat' dir='ltr'><strong>episcopus</strong></span> 
     </span>
    </p>
   </div>
   <div class='ocr_carea' id='block_1_77' title="bbox 2130 1959 3810 2037">
    <p class='ocr_par' dir='ltr' id='par_1_77' title="bbox 2130 1959 3810 2037">
     <span class='ocr_line' id='line_1_77' title="bbox 2130 1959 3810 2037; baseline 0.004 -23"><span class='ocrx_word' id='word_1_489' title='bbox 2130 1959 2395 2014; x_wconf 87' lang='lat' dir='ltr'><strong>Pauariis</strong></span> <span class='ocrx_word' id='word_1_490' title='bbox 2428 1959 2550 2015; x_wconf 89' lang='lat' dir='ltr'><strong>suis</strong></span> <span class='ocrx_word' id='word_1_491' title='bbox 2581 1959 2828 2030; x_wconf 89' lang='lat' dir='ltr'><strong>impium</strong></span> <span class='ocrx_word' id='word_1_492' title='bbox 2866 1960 3061 2015; x_wconf 90' lang='lat' dir='ltr'><strong>nescio</strong></span> <span class='ocrx_word' id='word_1_493' title='bbox 3094 1963 3253 2030; x_wconf 91' lang='lat' dir='ltr'><strong>quod</strong></span> <span class='ocrx_word' id='word_1_494' title='bbox 3288 1962 3455 2032; x_wconf 90' lang='lat' dir='ltr'><strong>impii</strong></span> <span class='ocrx_word' id='word_1_495' title='bbox 3480 1965 3635 2018; x_wconf 82' lang='lat' dir='ltr'><strong>Aetii</strong></span> <span class='ocrx_word' id='word_1_496' title='bbox 3665 1983 3810 2037; x_wconf 73' lang='lat' dir='ltr'><strong>opu-</strong></span> 
     </span>
    </p>
   </div>
   <div class='ocr_carea' id='block_1_78' title="bbox 2132 2047 3805 2120">
    <p class='ocr_par' dir='ltr' id='par_1_78' title="bbox 2132 2047 3805 2120">
     <span class='ocr_line' id='line_1_78' title="bbox 2132 2047 3805 2120; baseline 0.006 -18"><span class='ocrx_word' id='word_1_497' title='bbox 2132 2047 2363 2103; x_wconf 90' lang='lat' dir='ltr'><strong>sculum</strong></span> <span class='ocrx_word' id='word_1_498' title='bbox 2394 2047 2600 2104; x_wconf 91' lang='lat' dir='ltr'><strong>inserit</strong></span> <span class='ocrx_word' id='word_1_499' title='bbox 2631 2048 2689 2103; x_wconf 92' lang='lat' dir='ltr'><strong>in</strong></span> <span class='ocrx_word' id='word_1_500' title='bbox 2722 2050 2788 2103; x_wconf 84' lang='lat'><strong>36</strong></span> <span class='ocrx_word' id='word_1_501' title='bbox 2818 2049 3010 2120; x_wconf 87' lang='lat' dir='ltr'><strong>capita</strong></span> <span class='ocrx_word' id='word_1_502' title='bbox 3043 2049 3326 2117; x_wconf 81' lang='lat' dir='ltr'><strong>divisum,</strong></span> <span class='ocrx_word' id='word_1_503' title='bbox 3351 2067 3484 2107; x_wconf 90' lang='lat' dir='ltr'><strong>cum</strong></span> <span class='ocrx_word' id='word_1_504' title='bbox 3515 2053 3805 2112; x_wconf 71' lang='lat' dir='ltr'><strong>Prummio</strong></span> 
     </span>
    </p>
   </div>
   <div class='ocr_carea' id='block_1_79' title="bbox 2132 2136 2496 2206">
    <p class='ocr_par' dir='ltr' id='par_1_79' title="bbox 2132 2136 2496 2206">
     <span class='ocr_line' id='line_1_79' title="bbox 2132 2136 2496 2206; baseline 0 -16"><span class='ocrx_word' id='word_1_505' title='bbox 2132 2136 2496 2206; x_wconf 85' lang='lat' dir='ltr'><strong>hujusmodi.</strong></span> 
     </span>
    </p>
   </div>
   <div class='ocr_carea' id='block_1_80' title="bbox 2202 2225 3792 2304">
    <p class='ocr_par' dir='ltr' id='par_1_80' title="bbox 2202 2225 3792 2304">
     <span class='ocr_line' id='line_1_80' title="bbox 2202 2225 3792 2304; baseline 0.006 -24"><span class='ocrx_word' id='word_1_506' title='bbox 2202 2225 2681 2298; x_wconf 88' lang='lat' dir='ltr'><strong>Quandoquidem</strong></span> <span class='ocrx_word' id='word_1_507' title='bbox 2721 2228 3146 2298; x_wconf 85' lang='lat' dir='ltr'><strong>persecutionis</strong></span> <span class='ocrx_word' id='word_1_508' title='bbox 3185 2233 3454 2301; x_wconf 86' lang='lat' dir='ltr'><strong>tempore,</strong></span> <span class='ocrx_word' id='word_1_509' title='bbox 3483 2248 3596 2303; x_wconf 82' lang='lat' dir='ltr'><strong>qua</strong></span> <span class='ocrx_word' id='word_1_510' title='bbox 3651 2234 3792 2304; x_wconf 90' lang='lat' dir='ltr'><strong>qui-</strong></span> 
     </span>
    </p>
   </div>
   <div class='ocr_carea' id='block_1_81' title="bbox 2134 2316 3803 2393">
    <p class='ocr_par' dir='ltr' id='par_1_81' title="bbox 2134 2316 3803 2393">
     <span class='ocr_line' id='line_1_81' title="bbox 2134 2316 3803 2393; baseline 0.004 -22"><span class='ocrx_word' id='word_1_511' title='bbox 2134 2317 2263 2371; x_wconf 89' lang='lat' dir='ltr'><strong>dem</strong></span> <span class='ocrx_word' id='word_1_512' title='bbox 2299 2333 2330 2370; x_wconf 90' lang='lat' dir='ltr'><strong>a</strong></span> <span class='ocrx_word' id='word_1_513' title='bbox 2356 2316 2751 2387; x_wconf 86' lang='lat' dir='ltr'><strong>Temporariis</strong></span> <span class='ocrx_word' id='word_1_514' title='bbox 2785 2317 3034 2387; x_wconf 89' lang='lat' dir='ltr'><strong>impetiti</strong></span> <span class='ocrx_word' id='word_1_515' title='bbox 3075 2336 3312 2388; x_wconf 90' lang='lat' dir='ltr'><strong>sumus,</strong></span> <span class='ocrx_word' id='word_1_516' title='bbox 3337 2322 3568 2391; x_wconf 85' lang='lat' dir='ltr'><strong>quidam</strong></span> <span class='ocrx_word' id='word_1_517' title='bbox 3591 2324 3803 2393; x_wconf 67' lang='lat' dir='ltr'><strong>praedi-</strong></span> 
     </span>
    </p>
   </div>
   <div class='ocr_carea' id='block_1_82' title="bbox 2136 2406 3810 2482">
    <p class='ocr_par' dir='ltr' id='par_1_82' title="bbox 2136 2406 3810 2482">
     <span class='ocr_line' id='line_1_82' title="bbox 2136 2406 3810 2482; baseline 0.004 -24"><span class='ocrx_word' id='word_1_518' title='bbox 2136 2409 2364 2459; x_wconf 90' lang='lat' dir='ltr'><strong>ctorum</strong></span> <span class='ocrx_word' id='word_1_519' title='bbox 2399 2421 2513 2460; x_wconf 89' lang='lat' dir='ltr'><strong>una</strong></span> <span class='ocrx_word' id='word_1_520' title='bbox 2545 2423 2680 2461; x_wconf 90' lang='lat' dir='ltr'><strong>cum</strong></span> <span class='ocrx_word' id='word_1_521' title='bbox 2743 2406 3040 2477; x_wconf 88' lang='lat' dir='ltr'><strong>plerisque</strong></span> <span class='ocrx_word' id='word_1_522' title='bbox 3101 2408 3235 2464; x_wconf 81' lang='lat' dir='ltr'><strong>aliis</strong></span> <span class='ocrx_word' id='word_1_523' title='bbox 3296 2427 3329 2465; x_wconf 90' lang='lat' dir='ltr'><strong>a</strong></span> <span class='ocrx_word' id='word_1_524' title='bbox 3385 2410 3556 2466; x_wconf 88' lang='lat' dir='ltr'><strong>nobis</strong></span> <span class='ocrx_word' id='word_1_525' title='bbox 3602 2412 3810 2482; x_wconf 84' lang='lat' dir='ltr'><strong>divisi,</strong></span> 
     </span>
    </p>
   </div>
   <div class='ocr_carea' id='block_1_83' title="bbox 2136 2490 3813 2566">
    <p class='ocr_par' dir='ltr' id='par_1_83' title="bbox 2136 2490 3813 2566">
     <span class='ocr_line' id='line_1_83' title="bbox 2136 2490 3813 2566; baseline 0.005 -21"><span class='ocrx_word' id='word_1_526' title='bbox 2136 2490 2491 2562; x_wconf 89' lang='lat' dir='ltr'><strong>qpusculum</strong></span> <span class='ocrx_word' id='word_1_527' title='bbox 2525 2493 2822 2562; x_wconf 89' lang='lat' dir='ltr'><strong>quoddam</strong></span> <span class='ocrx_word' id='word_1_528' title='bbox 2856 2510 2888 2547; x_wconf 88' lang='lat' dir='ltr'><strong>a</strong></span> <span class='ocrx_word' id='word_1_529' title='bbox 2919 2494 3092 2549; x_wconf 90' lang='lat' dir='ltr'><strong>nobis</strong></span> <span class='ocrx_word' id='word_1_530' title='bbox 3125 2495 3401 2566; x_wconf 87' lang='lat' dir='ltr'><strong>privatim</strong></span> <span class='ocrx_word' id='word_1_531' title='bbox 3451 2497 3707 2564; x_wconf 85' lang='lat' dir='ltr'><strong>editum,</strong></span> <span class='ocrx_word' id='word_1_532' title='bbox 3743 2499 3813 2554; x_wconf 87' lang='lat' dir='ltr'><strong>de</strong></span> 
     </span>
    </p>
   </div>
   <div class='ocr_carea' id='block_1_84' title="bbox 2139 2581 3814 2652">
    <p class='ocr_par' dir='ltr' id='par_1_84' title="bbox 2139 2581 3814 2652">
     <span class='ocr_line' id='line_1_84' title="bbox 2139 2581 3814 2652; baseline 0.005 -17"><span class='ocrx_word' id='word_1_533' title='bbox 2139 2582 2396 2652; x_wconf 86' lang='lat' dir='ltr'><strong>ingenito</strong></span> <span class='ocrx_word' id='word_1_534' title='bbox 2423 2581 2538 2636; x_wconf 90' lang='lat' dir='ltr'><strong>Deo</strong></span> <span class='ocrx_word' id='word_1_535' title='bbox 2571 2586 2628 2635; x_wconf 92' lang='lat' dir='ltr'><strong>et</strong></span> <span class='ocrx_word' id='word_1_536' title='bbox 2660 2581 2878 2652; x_wconf 86' lang='lat' dir='ltr'><strong>genito,</strong></span> <span class='ocrx_word' id='word_1_537' title='bbox 2938 2583 3344 2641; x_wconf 88' lang='lat' dir='ltr'><strong>additionibus</strong></span> <span class='ocrx_word' id='word_1_538' title='bbox 3393 2592 3450 2641; x_wconf 89' lang='lat' dir='ltr'><strong>et</strong></span> <span class='ocrx_word' id='word_1_539' title='bbox 3489 2587 3814 2643; x_wconf 87' lang='lat' dir='ltr'><strong>detractio-</strong></span> 
     </span>
    </p>
   </div>
   <div class='ocr_carea' id='block_1_85' title="bbox 2138 2669 3812 2748">
    <p class='ocr_par' dir='ltr' id='par_1_85' title="bbox 2138 2669 3812 2748">
     <span class='ocr_line' id='line_1_85' title="bbox 2138 2669 3812 2748; baseline 0.005 -24"><span class='ocrx_word' id='word_1_540' title='bbox 2138 2669 2314 2725; x_wconf 90' lang='lat' dir='ltr'><strong>nibus</strong></span> <span class='ocrx_word' id='word_1_541' title='bbox 2347 2676 2683 2740; x_wconf 88' lang='lat' dir='ltr'><strong>corruptum</strong></span> <span class='ocrx_word' id='word_1_542' title='bbox 2727 2671 3064 2739; x_wconf 91' lang='lat' dir='ltr'><strong>ediderunt,</strong></span> <span class='ocrx_word' id='word_1_543' title='bbox 3125 2673 3477 2746; x_wconf 87' lang='lat' dir='ltr'><strong>vivendique</strong></span> <span class='ocrx_word' id='word_1_544' title='bbox 3537 2678 3812 2748; x_wconf 86' lang='lat' dir='ltr'><strong>regulam</strong></span> 
     </span>
    </p>
   </div>
   <div class='ocr_carea' id='block_1_86' title="bbox 2139 2759 3815 2836">
    <p class='ocr_par' dir='ltr' id='par_1_86' title="bbox 2139 2759 3815 2836">
     <span class='ocr_line' id='line_1_86' title="bbox 2139 2759 3815 2836; baseline 0.005 -22"><span class='ocrx_word' id='word_1_545' title='bbox 2139 2760 2349 2814; x_wconf 89' lang='lat' dir='ltr'><strong>rationi</strong></span> <span class='ocrx_word' id='word_1_546' title='bbox 2381 2763 2838 2815; x_wconf 87' lang='lat' dir='ltr'><strong>consentaneam</strong></span> <span class='ocrx_word' id='word_1_547' title='bbox 2891 2759 3311 2828; x_wconf 90' lang='lat' dir='ltr'><strong>immutarunt,</strong></span> <span class='ocrx_word' id='word_1_548' title='bbox 3365 2764 3548 2834; x_wconf 90' lang='lat' dir='ltr'><strong>idque</strong></span> <span class='ocrx_word' id='word_1_549' title='bbox 3606 2771 3815 2836; x_wconf 74' lang='lat' dir='ltr'><strong>postea</strong></span> 
     </span>
    </p>
   </div>
   <div class='ocr_carea' id='block_1_87' title="bbox 2139 2849 3814 2920">
    <p class='ocr_par' dir='ltr' id='par_1_87' title="bbox 2139 2849 3814 2920">
     <span class='ocr_line' id='line_1_87' title="bbox 2139 2849 3814 2920; baseline 0.005 -16"><span class='ocrx_word' id='word_1_550' title='bbox 2139 2849 2196 2904; x_wconf 93' lang='lat' dir='ltr'><strong>in</strong></span> <span class='ocrx_word' id='word_1_551' title='bbox 2231 2865 2441 2904; x_wconf 86' lang='lat' dir='ltr'><strong>manus</strong></span> <span class='ocrx_word' id='word_1_552' title='bbox 2473 2854 2705 2905; x_wconf 85' lang='lat' dir='ltr'><strong>nostras</strong></span> <span class='ocrx_word' id='word_1_553' title='bbox 2732 2867 2766 2904; x_wconf 87' lang='lat' dir='ltr'><strong>a</strong></span> <span class='ocrx_word' id='word_1_554' title='bbox 2795 2851 3044 2920; x_wconf 88' lang='lat' dir='ltr'><strong>quodam</strong></span> <span class='ocrx_word' id='word_1_555' title='bbox 3079 2854 3264 2907; x_wconf 88' lang='lat' dir='ltr'><strong>nostri</strong></span> <span class='ocrx_word' id='word_1_556' title='bbox 3305 2855 3578 2911; x_wconf 90' lang='lat' dir='ltr'><strong>studioso</strong></span> <span class='ocrx_word' id='word_1_557' title='bbox 3644 2857 3814 2913; x_wconf 85' lang='lat' dir='ltr'><strong>dela-</strong></span> 
     </span>
    </p>
   </div>
   <div class='ocr_carea' id='block_1_88' title="bbox 2140 2939 3814 3019">
    <p class='ocr_par' dir='ltr' id='par_1_88' title="bbox 2140 2939 3814 3019">
     <span class='ocr_line' id='line_1_88' title="bbox 2140 2939 3814 3019; baseline 0.005 -25"><span class='ocrx_word' id='word_1_558' title='bbox 2140 2945 2262 2994; x_wconf 91' lang='lat' dir='ltr'><strong>tum</strong></span> <span class='ocrx_word' id='word_1_559' title='bbox 2298 2939 2523 3006; x_wconf 85' lang='lat' dir='ltr'><strong>incidit,</strong></span> <span class='ocrx_word' id='word_1_560' title='bbox 2585 2944 2824 2994; x_wconf 89' lang='lat' dir='ltr'><strong>coactus</strong></span> <span class='ocrx_word' id='word_1_561' title='bbox 2883 2957 3014 2995; x_wconf 89' lang='lat' dir='ltr'><strong>sum</strong></span> <span class='ocrx_word' id='word_1_562' title='bbox 3075 2946 3359 3014; x_wconf 86' lang='lat' dir='ltr'><strong>tanquam</strong></span> <span class='ocrx_word' id='word_1_563' title='bbox 3419 2951 3611 3016; x_wconf 83' lang='lat' dir='ltr'><strong>pater,</strong></span> <span class='ocrx_word' id='word_1_564' title='bbox 3666 2964 3814 3019; x_wconf 88' lang='lat' dir='ltr'><strong>opu-</strong></span> 
     </span>
    </p>
   </div>
   <div class='ocr_carea' id='block_1_89' title="bbox 2141 3029 3812 3110">
    <p class='ocr_par' dir='ltr' id='par_1_89' title="bbox 2141 3029 3812 3110">
     <span class='ocr_line' id='line_1_89' title="bbox 2141 3029 3812 3110; baseline 0.005 -26"><span class='ocrx_word' id='word_1_565' title='bbox 2141 3029 2369 3085; x_wconf 90' lang='lat' dir='ltr'><strong>sculum</strong></span> <span class='ocrx_word' id='word_1_566' title='bbox 2399 3031 2589 3086; x_wconf 90' lang='lat' dir='ltr'><strong>denuo</strong></span> <span class='ocrx_word' id='word_1_567' title='bbox 2645 3036 3028 3103; x_wconf 87' lang='lat' dir='ltr'><strong>repurgatum</strong></span> <span class='ocrx_word' id='word_1_568' title='bbox 3085 3033 3158 3087; x_wconf 90' lang='lat' dir='ltr'><strong>ad</strong></span> <span class='ocrx_word' id='word_1_569' title='bbox 3216 3050 3321 3089; x_wconf 88' lang='lat' dir='ltr'><strong>vos</strong></span> <span class='ocrx_word' id='word_1_570' title='bbox 3367 3036 3632 3102; x_wconf 86' lang='lat' dir='ltr'><strong>mittere,</strong></span> <span class='ocrx_word' id='word_1_571' title='bbox 3666 3055 3699 3092; x_wconf 92' lang='lat' dir='ltr'><strong>o</strong></span> <span class='ocrx_word' id='word_1_572' title='bbox 3732 3040 3812 3110; x_wconf 88' lang='lat' dir='ltr'><strong>pii</strong></span> 
     </span>
    </p>
   </div>
   <div class='ocr_carea' id='block_1_90' title="bbox 2141 3118 3806 3195">
    <p class='ocr_par' dir='ltr' id='par_1_90' title="bbox 2141 3118 3806 3195">
     <span class='ocr_line' id='line_1_90' title="bbox 2141 3118 3806 3195; baseline 0.005 -21"><span class='ocrx_word' id='word_1_573' title='bbox 2141 3119 2368 3174; x_wconf 65' lang='lat' dir='ltr'><strong>athletas</strong></span> <span class='ocrx_word' id='word_1_574' title='bbox 2423 3123 2480 3175; x_wconf 88' lang='lat' dir='ltr'><strong>et</strong></span> <span class='ocrx_word' id='word_1_575' title='bbox 2537 3118 2825 3174; x_wconf 76' lang='lat' dir='ltr'><strong>athletriae</strong></span> <span class='ocrx_word' id='word_1_576' title='bbox 2883 3137 3109 3187; x_wconf 90' lang='lat' dir='ltr'><strong>omnes,</strong></span> <span class='ocrx_word' id='word_1_577' title='bbox 3162 3127 3230 3178; x_wconf 89' lang='lat' dir='ltr'><strong>ut</strong></span> <span class='ocrx_word' id='word_1_578' title='bbox 3283 3125 3667 3195; x_wconf 86' lang='lat' dir='ltr'><strong>cognoscatis</strong></span> <span class='ocrx_word' id='word_1_579' title='bbox 3724 3143 3806 3182; x_wconf 85' lang='lat' dir='ltr'><strong>re-</strong></span> 
     </span>
    </p>
   </div>
   <div class='ocr_carea' id='block_1_91' title="bbox 2142 3208 3796 3286">
    <p class='ocr_par' dir='ltr' id='par_1_91' title="bbox 2142 3208 3796 3286">
     <span class='ocr_line' id='line_1_91' title="bbox 2142 3208 3796 3286; baseline 0.004 -22"><span class='ocrx_word' id='word_1_580' title='bbox 2142 3224 2426 3281; x_wconf 90' lang='lat' dir='ltr'><strong>sponsum</strong></span> <span class='ocrx_word' id='word_1_581' title='bbox 2467 3225 2500 3262; x_wconf 90' lang='lat' dir='ltr'><strong>a</strong></span> <span class='ocrx_word' id='word_1_582' title='bbox 2532 3208 2700 3263; x_wconf 90' lang='lat' dir='ltr'><strong>nobis</strong></span> <span class='ocrx_word' id='word_1_583' title='bbox 2731 3226 2764 3264; x_wconf 91' lang='lat' dir='ltr'><strong>a</strong></span> <span class='ocrx_word' id='word_1_584' title='bbox 2796 3214 3136 3265; x_wconf 90' lang='lat' dir='ltr'><strong>sanctarum</strong></span> <span class='ocrx_word' id='word_1_585' title='bbox 3167 3211 3617 3282; x_wconf 87' lang='lat' dir='ltr'><strong>Scripturarum</strong></span> <span class='ocrx_word' id='word_1_586' title='bbox 3657 3233 3796 3286; x_wconf 72' lang='lat' dir='ltr'><strong>prs:—</strong></span> 
     </span>
    </p>
   </div>
   <div class='ocr_carea' id='block_1_92' title="bbox 2139 3297 3801 3369">
    <p class='ocr_par' dir='ltr' id='par_1_92' title="bbox 2139 3297 3801 3369">
     <span class='ocr_line' id='line_1_92' title="bbox 2139 3297 3801 3369; baseline 0.004 -16"><span class='ocrx_word' id='word_1_587' title='bbox 2139 3298 2356 3368; x_wconf 89' lang='lat' dir='ltr'><strong>scripto</strong></span> <span class='ocrx_word' id='word_1_588' title='bbox 2388 3297 2608 3352; x_wconf 86' lang='lat' dir='ltr'><strong>editum</strong></span> <span class='ocrx_word' id='word_1_589' title='bbox 2633 3313 2784 3364; x_wconf 88' lang='lat' dir='ltr'><strong>esse,</strong></span> <span class='ocrx_word' id='word_1_590' title='bbox 2839 3313 2952 3369; x_wconf 91' lang='lat' dir='ltr'><strong>quo</strong></span> <span class='ocrx_word' id='word_1_591' title='bbox 3004 3299 3240 3369; x_wconf 90' lang='lat' dir='ltr'><strong>quidem</strong></span> <span class='ocrx_word' id='word_1_592' title='bbox 3301 3301 3498 3357; x_wconf 90' lang='lat' dir='ltr'><strong>omnis</strong></span> <span class='ocrx_word' id='word_1_593' title='bbox 3542 3303 3801 3360; x_wconf 87' lang='lat' dir='ltr'><strong>hominis</strong></span> 
     </span>
    </p>
   </div>
   <div class='ocr_carea' id='block_1_93' title="bbox 2141 3386 3802 3459">
    <p class='ocr_par' dir='ltr' id='par_1_93' title="bbox 2141 3386 3802 3459">
     <span class='ocr_line' id='line_1_93' title="bbox 2141 3386 3802 3459; baseline 0.005 -19"><span class='ocrx_word' id='word_1_594' title='bbox 2141 3387 2240 3459; x_wconf 89' lang='lat' dir='ltr'><strong>qui</strong></span> <span class='ocrx_word' id='word_1_595' title='bbox 2272 3387 2342 3441; x_wconf 92' lang='lat' dir='ltr'><strong>de</strong></span> <span class='ocrx_word' id='word_1_596' title='bbox 2375 3387 2633 3458; x_wconf 88' lang='lat' dir='ltr'><strong>ingenito</strong></span> <span class='ocrx_word' id='word_1_597' title='bbox 2665 3386 2780 3442; x_wconf 87' lang='lat' dir='ltr'><strong>Deo</strong></span> <span class='ocrx_word' id='word_1_598' title='bbox 2811 3392 2867 3442; x_wconf 90' lang='lat' dir='ltr'><strong>et</strong></span> <span class='ocrx_word' id='word_1_599' title='bbox 2897 3386 3092 3458; x_wconf 80' lang='lat' dir='ltr'><strong>genito</strong></span> <span class='ocrx_word' id='word_1_600' title='bbox 3141 3389 3577 3446; x_wconf 79' lang='lat' dir='ltr'><strong>disserentibus</strong></span> <span class='ocrx_word' id='word_1_601' title='bbox 3632 3395 3802 3449; x_wconf 81' lang='lat' dir='ltr'><strong>vobis</strong></span> 
     </span>
    </p>
   </div>
   <div class='ocr_carea' id='block_1_94' title="bbox 2138 3474 3806 3548">
    <p class='ocr_par' dir='ltr' id='par_1_94' title="bbox 2138 3474 3806 3548">
     <span class='ocr_line' id='line_1_94' title="bbox 2138 3474 3806 3548; baseline 0.005 -18"><span class='ocrx_word' id='word_1_602' title='bbox 2138 3474 2534 3530; x_wconf 87' lang='lat' dir='ltr'><strong>contradicere</strong></span> <span class='ocrx_word' id='word_1_603' title='bbox 2560 3491 2740 3530; x_wconf 88' lang='lat' dir='ltr'><strong>ausus</strong></span> <span class='ocrx_word' id='word_1_604' title='bbox 2775 3474 2968 3544; x_wconf 84' lang='lat' dir='ltr'><strong>fuerit,</strong></span> <span class='ocrx_word' id='word_1_605' title='bbox 3004 3476 3432 3548; x_wconf 88' lang='lat' dir='ltr'><strong>impudentiam</strong></span> <span class='ocrx_word' id='word_1_606' title='bbox 3480 3480 3806 3538; x_wconf 88' lang='lat' dir='ltr'><strong>succinctis</strong></span> 
     </span>
    </p>
   </div>
   <div class='ocr_carea' id='block_1_95' title="bbox 2139 3564 3808 3639">
    <p class='ocr_par' dir='ltr' id='par_1_95' title="bbox 2139 3564 3808 3639">
     <span class='ocr_line' id='line_1_95' title="bbox 2139 3564 3808 3639; baseline 0.004 -20"><span class='ocrx_word' id='word_1_607' title='bbox 2139 3564 2635 3620; x_wconf 84' lang='lat' dir='ltr'><strong>confutationibus</strong></span> <span class='ocrx_word' id='word_1_608' title='bbox 2670 3566 2976 3620; x_wconf 85' lang='lat' dir='ltr'><strong>retundere</strong></span> <span class='ocrx_word' id='word_1_609' title='bbox 3009 3565 3249 3637; x_wconf 82' lang='lat' dir='ltr'><strong>possitis</strong></span> <span class='ocrx_word' id='word_1_610' title='bbox 3280 3582 3294 3622; x_wconf 87' lang='lat'><strong>:</strong></span> <span class='ocrx_word' id='word_1_611' title='bbox 3328 3567 3387 3622; x_wconf 90' lang='lat' dir='ltr'><strong>in</strong></span> <span class='ocrx_word' id='word_1_612' title='bbox 3445 3569 3654 3639; x_wconf 86' lang='lat' dir='ltr'><strong>primis</strong></span> <span class='ocrx_word' id='word_1_613' title='bbox 3700 3588 3808 3626; x_wconf 87' lang='lat' dir='ltr'><strong>au-</strong></span> 
     </span>
    </p>
   </div>
   <div class='ocr_carea' id='block_1_96' title="bbox 2136 3654 3797 3726">
    <p class='ocr_par' dir='ltr' id='par_1_96' title="bbox 2136 3654 3797 3726">
     <span class='ocr_line' id='line_1_96' title="bbox 2136 3654 3797 3726; baseline 0.004 -18"><span class='ocrx_word' id='word_1_614' title='bbox 2136 3657 2252 3708; x_wconf 87' lang='lat' dir='ltr'><strong>tem</strong></span> <span class='ocrx_word' id='word_1_615' title='bbox 2287 3654 3037 3726; x_wconf 69' lang='lat' dir='ltr'><strong>praedictosTemporarios.</strong></span> <span class='ocrx_word' id='word_1_616' title='bbox 3070 3658 3248 3711; x_wconf 86' lang='lat' dir='ltr'><strong>Porro</strong></span> <span class='ocrx_word' id='word_1_617' title='bbox 3301 3657 3546 3714; x_wconf 86' lang='lat' dir='ltr'><strong>dubium</strong></span> <span class='ocrx_word' id='word_1_618' title='bbox 3604 3676 3640 3714; x_wconf 90' lang='lat' dir='ltr'><strong>a</strong></span> <span class='ocrx_word' id='word_1_619' title='bbox 3686 3661 3797 3714; x_wconf 84' lang='lat' dir='ltr'><strong>du-</strong></span> 
     </span>
    </p>
   </div>
   <div class='ocr_carea' id='block_1_97' title="bbox 2136 3742 3792 3818">
    <p class='ocr_par' dir='ltr' id='par_1_97' title="bbox 2136 3742 3792 3818">
     <span class='ocr_line' id='line_1_97' title="bbox 2136 3742 3792 3818; baseline 0.002 -20"><span class='ocrx_word' id='word_1_620' title='bbox 2136 3743 2253 3812; x_wconf 90' lang='lat' dir='ltr'><strong>bio,</strong></span> <span class='ocrx_word' id='word_1_621' title='bbox 2286 3748 2343 3798; x_wconf 88' lang='lat' dir='ltr'><strong>et</strong></span> <span class='ocrx_word' id='word_1_622' title='bbox 2373 3742 2726 3798; x_wconf 89' lang='lat' dir='ltr'><strong>solutionem</strong></span> <span class='ocrx_word' id='word_1_623' title='bbox 2787 3760 2820 3797; x_wconf 85' lang='lat' dir='ltr'><strong>a</strong></span> <span class='ocrx_word' id='word_1_624' title='bbox 2873 3743 3165 3799; x_wconf 90' lang='lat' dir='ltr'><strong>solutione</strong></span> <span class='ocrx_word' id='word_1_625' title='bbox 3217 3746 3564 3816; x_wconf 88' lang='lat' dir='ltr'><strong>quibusdam</strong></span> <span class='ocrx_word' id='word_1_626' title='bbox 3615 3749 3792 3818; x_wconf 87' lang='lat' dir='ltr'><strong>quasi</strong></span> 
     </span>
    </p>
   </div>
   <div class='ocr_carea' id='block_1_98' title="bbox 2135 3833 3775 3904">
    <p class='ocr_par' dir='ltr' id='par_1_98' title="bbox 2135 3833 3775 3904">
     <span class='ocr_line' id='line_1_98' title="bbox 2135 3833 3775 3904; baseline 0.004 -18"><span class='ocrx_word' id='word_1_627' title='bbox 2135 3833 2401 3888; x_wconf 90' lang='lat' dir='ltr'><strong>versibus</strong></span> <span class='ocrx_word' id='word_1_628' title='bbox 2436 3833 2657 3898; x_wconf 83' lang='lat' dir='ltr'><strong>diduxi,</strong></span> <span class='ocrx_word' id='word_1_629' title='bbox 2691 3837 2756 3887; x_wconf 91' lang='lat' dir='ltr'><strong>ut</strong></span> <span class='ocrx_word' id='word_1_630' title='bbox 2786 3833 3291 3904; x_wconf 87' lang='lat' dir='ltr'><strong>epicberematum</strong></span> <span class='ocrx_word' id='word_1_631' title='bbox 3322 3841 3596 3890; x_wconf 81' lang='lat' dir='ltr'><strong>structura</strong></span> <span class='ocrx_word' id='word_1_632' title='bbox 3629 3836 3775 3892; x_wconf 83' lang='lat' dir='ltr'><strong>faci-</strong></span> 
     </span>
    </p>
   </div>
   <div class='ocr_carea' id='block_1_99' title="bbox 2136 3924 3787 3999">
    <p class='ocr_par' dir='ltr' id='par_1_99' title="bbox 2136 3924 3787 3999">
     <span class='ocr_line' id='line_1_99' title="bbox 2136 3924 3787 3999; baseline 0.002 -19"><span class='ocrx_word' id='word_1_633' title='bbox 2136 3925 2251 3980; x_wconf 90' lang='lat' dir='ltr'><strong>lius</strong></span> <span class='ocrx_word' id='word_1_634' title='bbox 2282 3929 2338 3980; x_wconf 89' lang='lat' dir='ltr'><strong>et</strong></span> <span class='ocrx_word' id='word_1_635' title='bbox 2367 3924 2624 3996; x_wconf 81' lang='lat' dir='ltr'><strong>apertius</strong></span> <span class='ocrx_word' id='word_1_636' title='bbox 2655 3924 3255 3997; x_wconf 87' lang='lat' dir='ltr'><strong>comprehenderetur</strong></span> <span class='ocrx_word' id='word_1_637' title='bbox 3309 3927 3654 3999; x_wconf 81' lang='lat' dir='ltr'><strong>initiumque</strong></span> <span class='ocrx_word' id='word_1_638' title='bbox 3710 3930 3787 3984; x_wconf 83' lang='lat' dir='ltr'><strong>ab</strong></span> 
     </span>
    </p>
   </div>
   <div class='ocr_carea' id='block_1_100' title="bbox 2134 4013 2821 4086">
    <p class='ocr_par' dir='ltr' id='par_1_100' title="bbox 2134 4013 2821 4086">
     <span class='ocr_line' id='line_1_100' title="bbox 2134 4013 2821 4086; baseline -0.003 -16"><span class='ocrx_word' id='word_1_639' title='bbox 2134 4014 2392 4086; x_wconf 90' lang='lat' dir='ltr'><strong>ingenito</strong></span> <span class='ocrx_word' id='word_1_640' title='bbox 2425 4014 2538 4070; x_wconf 89' lang='lat' dir='ltr'><strong>Deo</strong></span> <span class='ocrx_word' id='word_1_641' title='bbox 2572 4013 2821 4086; x_wconf 86' lang='lat' dir='ltr'><strong>sumpsi.</strong></span> 
     </span>
    </p>
   </div>
   <div class='ocr_carea' id='block_1_101' title="bbox 2133 4121 3806 4200">
    <p class='ocr_par' dir='ltr' id='par_1_101' title="bbox 2133 4121 3806 4200">
     <span class='ocr_line' id='line_1_101' title="bbox 2133 4121 3806 4200; baseline 0.004 -21"><span class='ocrx_word' id='word_1_642' title='bbox 2133 4123 2224 4179; x_wconf 85' lang='lat' dir='ltr'><strong><em>An</em></strong></span> <span class='ocrx_word' id='word_1_643' title='bbox 2250 4124 2375 4192; x_wconf 77' lang='lat' dir='ltr'><strong>ﬁeri</strong></span> <span class='ocrx_word' id='word_1_644' title='bbox 2401 4121 2572 4194; x_wconf 66' lang='lat' dir='ltr'><strong>possit</strong></span> <span class='ocrx_word' id='word_1_645' title='bbox 2604 4131 2664 4178; x_wconf 88' lang='lat' dir='ltr'><strong>ut</strong></span> <span class='ocrx_word' id='word_1_646' title='bbox 2719 4124 3000 4200; x_wconf 71' lang='lat' dir='ltr'><strong>ingenitas</strong></span> <span class='ocrx_word' id='word_1_647' title='bbox 3041 4125 3194 4200; x_wconf 72' lang='lat' dir='ltr'><strong>Deus</strong></span> <span class='ocrx_word' id='word_1_648' title='bbox 3253 4142 3325 4181; x_wconf 69' lang='lat' dir='ltr'><strong>ex</strong></span> <span class='ocrx_word' id='word_1_649' title='bbox 3352 4128 3540 4196; x_wconf 79' lang='lat' dir='ltr'><strong>genito</strong></span> <span class='ocrx_word' id='word_1_650' title='bbox 3575 4131 3770 4200; x_wconf 77' lang='lat' dir='ltr'><strong>ingeni</strong></span> <span class='ocrx_word' id='word_1_651' title='bbox 3783 4160 3806 4172; x_wconf 84' lang='lat'><strong>-</strong></span> 
     </span>
    </p>
   </div>
   <div class='ocr_carea' id='block_1_102' title="bbox 2796 4195 3128 4266">
    <p class='ocr_par' dir='ltr' id='par_1_102' title="bbox 2796 4195 3128 4266">
     <span class='ocr_line' id='line_1_102' title="bbox 2796 4195 3128 4266; baseline 0.006 -16"><span class='ocrx_word' id='word_1_652' title='bbox 2796 4199 2914 4250; x_wconf 84' lang='lat' dir='ltr'><strong>tum</strong></span> <span class='ocrx_word' id='word_1_653' title='bbox 2932 4195 3128 4266; x_wconf 80' lang='lat' dir='ltr'><strong>faciat.</strong></span> 
     </span>
    </p>
   </div>
   <div class='ocr_carea' id='block_1_103' title="bbox 2211 4281 3812 4363">
    <p class='ocr_par' dir='ltr' id='par_1_103' title="bbox 2211 4281 3812 4363">
     <span class='ocr_line' id='line_1_103' title="bbox 2211 4281 3812 4363; baseline 0.005 -25"><span class='ocrx_word' id='word_1_654' title='bbox 2211 4285 2258 4340; x_wconf 93' lang='grc'><strong>1.</strong></span> <span class='ocrx_word' id='word_1_655' title='bbox 2292 4283 2350 4338; x_wconf 92' lang='lat' dir='ltr'><strong>Si</strong></span> <span class='ocrx_word' id='word_1_656' title='bbox 2388 4284 2536 4338; x_wconf 91' lang='lat' dir='ltr'><strong>Deus</strong></span> <span class='ocrx_word' id='word_1_657' title='bbox 2567 4281 2866 4356; x_wconf 87' lang='lat' dir='ltr'><strong>ingenitus</strong></span> <span class='ocrx_word' id='word_1_658' title='bbox 2897 4285 3049 4339; x_wconf 90' lang='lat' dir='ltr'><strong>omni</strong></span> <span class='ocrx_word' id='word_1_659' title='bbox 3076 4301 3254 4342; x_wconf 89' lang='lat' dir='ltr'><strong>causa</strong></span> <span class='ocrx_word' id='word_1_660' title='bbox 3276 4289 3658 4358; x_wconf 63' lang='lat' dir='ltr'><strong>prazstantior</strong></span> <span class='ocrx_word' id='word_1_661' title='bbox 3694 4296 3812 4363; x_wconf 82' lang='lat' dir='ltr'><strong>est,</strong></span> 
     </span>
    </p>
   </div>
   <div class='ocr_carea' id='block_1_104' title="bbox 2135 4373 3814 4450">
    <p class='ocr_par' dir='ltr' id='par_1_104' title="bbox 2135 4373 3814 4450">
     <span class='ocr_line' id='line_1_104' title="bbox 2135 4373 3814 4450; baseline 0.006 -22"><span class='ocrx_word' id='word_1_662' title='bbox 2135 4378 2287 4428; x_wconf 88' lang='lat' dir='ltr'><strong>certe</strong></span> <span class='ocrx_word' id='word_1_663' title='bbox 2318 4373 2692 4444; x_wconf 86' lang='lat' dir='ltr'><strong>generatione</strong></span> <span class='ocrx_word' id='word_1_664' title='bbox 2723 4389 2958 4444; x_wconf 91' lang='lat' dir='ltr'><strong>quoque</strong></span> <span class='ocrx_word' id='word_1_665' title='bbox 2989 4377 3356 4445; x_wconf 71' lang='lat' dir='ltr'><strong>praestantior</strong></span> <span class='ocrx_word' id='word_1_666' title='bbox 3417 4377 3552 4432; x_wconf 88' lang='lat' dir='ltr'><strong>erit.</strong></span> <span class='ocrx_word' id='word_1_667' title='bbox 3607 4378 3814 4450; x_wconf 79' lang='lat' dir='ltr'><strong>Neque</strong></span> 
     </span>
    </p>
   </div>
   <div class='ocr_carea' id='block_1_105' title="bbox 2135 4461 3812 4540">
    <p class='ocr_par' dir='ltr' id='par_1_105' title="bbox 2135 4461 3812 4540">
     <span class='ocr_line' id='line_1_105' title="bbox 2135 4461 3812 4540; baseline 0.005 -24"><span class='ocrx_word' id='word_1_668' title='bbox 2135 4461 2288 4516; x_wconf 89' lang='lat' dir='ltr'><strong>enim</strong></span> <span class='ocrx_word' id='word_1_669' title='bbox 2317 4462 2471 4532; x_wconf 91' lang='lat' dir='ltr'><strong>quod</strong></span> <span class='ocrx_word' id='word_1_670' title='bbox 2506 4461 2631 4533; x_wconf 89' lang='lat' dir='ltr'><strong>ipse</strong></span> <span class='ocrx_word' id='word_1_671' title='bbox 2663 4465 2772 4529; x_wconf 88' lang='lat' dir='ltr'><strong>est,</strong></span> <span class='ocrx_word' id='word_1_672' title='bbox 2806 4462 2863 4516; x_wconf 91' lang='lat' dir='ltr'><strong>id</strong></span> <span class='ocrx_word' id='word_1_673' title='bbox 2897 4463 2969 4518; x_wconf 90' lang='lat' dir='ltr'><strong>ab</strong></span> <span class='ocrx_word' id='word_1_674' title='bbox 3001 4462 3123 4518; x_wconf 91' lang='lat' dir='ltr'><strong>ulla</strong></span> <span class='ocrx_word' id='word_1_675' title='bbox 3182 4463 3294 4519; x_wconf 85' lang='lat' dir='ltr'><strong>alia</strong></span> <span class='ocrx_word' id='word_1_676' title='bbox 3360 4470 3584 4522; x_wconf 86' lang='lat' dir='ltr'><strong>natura.</strong></span> <span class='ocrx_word' id='word_1_677' title='bbox 3625 4471 3812 4540; x_wconf 82' lang='lat' dir='ltr'><strong>cepit,</strong></span> 
     </span>
    </p>
   </div>
   <div class='ocr_carea' id='block_1_106' title="bbox 2136 4550 3815 4627">
    <p class='ocr_par' dir='ltr' id='par_1_106' title="bbox 2136 4550 3815 4627">
     <span class='ocr_line' id='line_1_106' title="bbox 2136 4550 3815 4627; baseline 0.005 -22"><span class='ocrx_word' id='word_1_678' title='bbox 2136 4567 2324 4622; x_wconf 89' lang='lat' dir='ltr'><strong>neque</strong></span> <span class='ocrx_word' id='word_1_679' title='bbox 2356 4551 2480 4623; x_wconf 83' lang='lat' dir='ltr'><strong>ipse</strong></span> <span class='ocrx_word' id='word_1_680' title='bbox 2507 4550 2644 4615; x_wconf 90' lang='lat' dir='ltr'><strong>sibi,</strong></span> <span class='ocrx_word' id='word_1_681' title='bbox 2678 4556 2742 4605; x_wconf 91' lang='lat' dir='ltr'><strong>ut</strong></span> <span class='ocrx_word' id='word_1_682' title='bbox 2791 4552 2887 4621; x_wconf 90' lang='lat' dir='ltr'><strong>sit,</strong></span> <span class='ocrx_word' id='word_1_683' title='bbox 2944 4557 3148 4608; x_wconf 89' lang='lat' dir='ltr'><strong>auctor</strong></span> <span class='ocrx_word' id='word_1_684' title='bbox 3206 4554 3335 4612; x_wconf 81' lang='lat' dir='ltr'><strong>fuit.</strong></span> <span class='ocrx_word' id='word_1_685' title='bbox 3393 4555 3530 4610; x_wconf 89' lang='lat' dir='ltr'><strong>Jam</strong></span> <span class='ocrx_word' id='word_1_686' title='bbox 3583 4557 3637 4612; x_wconf 87' lang='lat' dir='ltr'><strong>si</strong></span> <span class='ocrx_word' id='word_1_687' title='bbox 3669 4560 3815 4627; x_wconf 86' lang='lat' dir='ltr'><strong>sibi,</strong></span> 
     </span>
    </p>
   </div>
   <div class='ocr_carea' id='block_1_107' title="bbox 2135 4642 3814 4719">
    <p class='ocr_par' dir='ltr' id='par_1_107' title="bbox 2135 4642 3814 4719">
     <span class='ocr_line' id='line_1_107' title="bbox 2135 4642 3814 4719; baseline 0.004 -22"><span class='ocrx_word' id='word_1_688' title='bbox 2135 4646 2201 4697; x_wconf 89' lang='lat' dir='ltr'><strong>ut</strong></span> <span class='ocrx_word' id='word_1_689' title='bbox 2231 4642 2323 4710; x_wconf 89' lang='lat' dir='ltr'><strong>sit,</strong></span> <span class='ocrx_word' id='word_1_690' title='bbox 2355 4647 2552 4697; x_wconf 89' lang='lat' dir='ltr'><strong>auctor</strong></span> <span class='ocrx_word' id='word_1_691' title='bbox 2587 4643 2709 4712; x_wconf 85' lang='lat' dir='ltr'><strong>ipse</strong></span> <span class='ocrx_word' id='word_1_692' title='bbox 2743 4659 2856 4696; x_wconf 93' lang='lat' dir='ltr'><strong>non</strong></span> <span class='ocrx_word' id='word_1_693' title='bbox 2892 4643 3018 4707; x_wconf 76' lang='lat' dir='ltr'><strong>fuit,</strong></span> <span class='ocrx_word' id='word_1_694' title='bbox 3071 4659 3185 4698; x_wconf 89' lang='lat' dir='ltr'><strong>non</strong></span> <span class='ocrx_word' id='word_1_695' title='bbox 3246 4661 3312 4699; x_wconf 90' lang='lat' dir='ltr'><strong>eo</strong></span> <span class='ocrx_word' id='word_1_696' title='bbox 3364 4647 3633 4716; x_wconf 86' lang='lat' dir='ltr'><strong>quidem,</strong></span> <span class='ocrx_word' id='word_1_697' title='bbox 3667 4650 3814 4719; x_wconf 88' lang='lat' dir='ltr'><strong>quia</strong></span> 
     </span>
    </p>
   </div>
   <div class='ocr_carea' id='block_1_108' title="bbox 2135 4731 3811 4803">
    <p class='ocr_par' dir='ltr' id='par_1_108' title="bbox 2135 4731 3811 4803">
     <span class='ocr_line' id='line_1_108' title="bbox 2135 4731 3811 4803; baseline 0.005 -17"><span class='ocrx_word' id='word_1_698' title='bbox 2135 4737 2348 4787; x_wconf 90' lang='lat' dir='ltr'><strong>natura</strong></span> <span class='ocrx_word' id='word_1_699' title='bbox 2377 4731 2454 4786; x_wconf 91' lang='lat' dir='ltr'><strong>sit</strong></span> <span class='ocrx_word' id='word_1_700' title='bbox 2476 4731 2775 4795; x_wconf 93' lang='lat' dir='ltr'><strong>imbecilli,</strong></span> <span class='ocrx_word' id='word_1_701' title='bbox 2814 4731 2916 4786; x_wconf 86' lang='lat' dir='ltr'><strong>sed</strong></span> <span class='ocrx_word' id='word_1_702' title='bbox 2947 4733 3086 4803; x_wconf 91' lang='lat' dir='ltr'><strong>quia</strong></span> <span class='ocrx_word' id='word_1_703' title='bbox 3117 4750 3351 4789; x_wconf 90' lang='lat' dir='ltr'><strong>omnem</strong></span> <span class='ocrx_word' id='word_1_704' title='bbox 3413 4751 3657 4792; x_wconf 86' lang='lat' dir='ltr'><strong>causam</strong></span> <span class='ocrx_word' id='word_1_705' title='bbox 3709 4755 3811 4794; x_wconf 78' lang='lat' dir='ltr'><strong>ex-</strong></span> 
     </span>
    </p>
   </div>
   <div class='ocr_carea' id='block_1_109' title="bbox 2136 4819 3811 4894">
    <p class='ocr_par' dir='ltr' id='par_1_109' title="bbox 2136 4819 3811 4894">
     <span class='ocr_line' id='line_1_109' title="bbox 2136 4819 3811 4894; baseline 0.004 -18"><span class='ocrx_word' id='word_1_706' title='bbox 2136 4825 2387 4891; x_wconf 90' lang='lat' dir='ltr'><strong>superet,</strong></span> <span class='ocrx_word' id='word_1_707' title='bbox 2423 4821 2521 4894; x_wconf 90' lang='lat' dir='ltr'><strong>qui</strong></span> <span class='ocrx_word' id='word_1_708' title='bbox 2556 4819 2678 4876; x_wconf 84' lang='lat' dir='ltr'><strong>tieri</strong></span> <span class='ocrx_word' id='word_1_709' title='bbox 2741 4821 2973 4892; x_wconf 88' lang='lat' dir='ltr'><strong>poterit,</strong></span> <span class='ocrx_word' id='word_1_710' title='bbox 3031 4825 3095 4876; x_wconf 86' lang='lat' dir='ltr'><strong>ut</strong></span> <span class='ocrx_word' id='word_1_711' title='bbox 3154 4823 3284 4894; x_wconf 87' lang='lat' dir='ltr'><strong>quis</strong></span> <span class='ocrx_word' id='word_1_712' title='bbox 3320 4829 3593 4880; x_wconf 87' lang='lat' dir='ltr'><strong>naturam</strong></span> <span class='ocrx_word' id='word_1_713' title='bbox 3648 4829 3811 4882; x_wconf 87' lang='lat' dir='ltr'><strong>sub-</strong></span> 
     </span>
    </p>
   </div>
   <div class='ocr_carea' id='block_1_110' title="bbox 2138 4909 3809 4982">
    <p class='ocr_par' dir='ltr' id='par_1_110' title="bbox 2138 4909 3809 4982">
     <span class='ocr_line' id='line_1_110' title="bbox 2138 4909 3809 4982; baseline 0.005 -18"><span class='ocrx_word' id='word_1_714' title='bbox 2138 4909 2527 4974; x_wconf 86' lang='lat' dir='ltr'><strong>sistentem,in</strong></span> <span class='ocrx_word' id='word_1_715' title='bbox 2553 4909 2680 4978; x_wconf 91' lang='lat' dir='ltr'><strong>ejus</strong></span> <span class='ocrx_word' id='word_1_716' title='bbox 2705 4914 2926 4964; x_wconf 70' lang='lat' dir='ltr'><strong>naturae</strong></span> <span class='ocrx_word' id='word_1_717' title='bbox 2949 4928 2982 4966; x_wconf 91' lang='lat' dir='ltr'><strong>a</strong></span> <span class='ocrx_word' id='word_1_718' title='bbox 3006 4927 3123 4982; x_wconf 85' lang='lat' dir='ltr'><strong>qua</strong></span> <span class='ocrx_word' id='word_1_719' title='bbox 3141 4916 3204 4966; x_wconf 91' lang='lat' dir='ltr'><strong>ut</strong></span> <span class='ocrx_word' id='word_1_720' title='bbox 3255 4913 3610 4970; x_wconf 89' lang='lat' dir='ltr'><strong>subsisteret</strong></span> <span class='ocrx_word' id='word_1_721' title='bbox 3642 4933 3809 4972; x_wconf 64' lang='lat' dir='ltr'><strong>acceo</strong></span> 
     </span>
    </p>
   </div>
   <div class='ocr_carea' id='block_1_111' title="bbox 2137 4998 3809 5073">
    <p class='ocr_par' dir='ltr' id='par_1_111' title="bbox 2137 4998 3809 5073">
     <span class='ocr_line' id='line_1_111' title="bbox 2137 4998 3809 5073; baseline 0.005 -21"><span class='ocrx_word' id='word_1_722' title='bbox 2137 4999 2239 5070; x_wconf 87' lang='lat' dir='ltr'><strong>pit,</strong></span> <span class='ocrx_word' id='word_1_723' title='bbox 2269 4999 2587 5054; x_wconf 87' lang='lat' dir='ltr'><strong>essentiam</strong></span> <span class='ocrx_word' id='word_1_724' title='bbox 2648 4998 2899 5054; x_wconf 88' lang='lat' dir='ltr'><strong>transire</strong></span> <span class='ocrx_word' id='word_1_725' title='bbox 2956 5000 3238 5055; x_wconf 87' lang='lat' dir='ltr'><strong>concedat</strong></span> <span class='ocrx_word' id='word_1_726' title='bbox 3295 5003 3624 5073; x_wconf 66' lang='lat' dir='ltr'><strong>praesertim</strong></span> <span class='ocrx_word' id='word_1_727' title='bbox 3669 5023 3809 5062; x_wconf 87' lang='lat' dir='ltr'><strong>cum</strong></span> 
     </span>
    </p>
   </div>
   <div class='ocr_carea' id='block_1_112' title="bbox 2137 5086 3813 5159">
    <p class='ocr_par' dir='ltr' id='par_1_112' title="bbox 2137 5086 3813 5159">
     <span class='ocr_line' id='line_1_112' title="bbox 2137 5086 3813 5159; baseline 0.004 -17"><span class='ocrx_word' id='word_1_728' title='bbox 2137 5087 2469 5159; x_wconf 82' lang='lat' dir='ltr'><strong>hypostasis</strong></span> <span class='ocrx_word' id='word_1_729' title='bbox 2501 5086 2842 5158; x_wconf 90' lang='lat' dir='ltr'><strong>hujusmodi</strong></span> <span class='ocrx_word' id='word_1_730' title='bbox 2867 5089 3302 5159; x_wconf 86' lang='lat' dir='ltr'><strong>generationem</strong></span> <span class='ocrx_word' id='word_1_731' title='bbox 3329 5107 3442 5146; x_wconf 86' lang='lat' dir='ltr'><strong>non</strong></span> <span class='ocrx_word' id='word_1_732' title='bbox 3469 5091 3813 5149; x_wconf 86' lang='lat' dir='ltr'><strong>desideret?</strong></span> 
     </span>
    </p>
   </div>
   <div class='ocr_carea' id='block_1_113' title="bbox 2208 5173 3814 5250">
    <p class='ocr_par' dir='ltr' id='par_1_113' title="bbox 2208 5173 3814 5250">
     <span class='ocr_line' id='line_1_113' title="bbox 2208 5173 3814 5250; baseline 0.006 -23"><span class='ocrx_word' id='word_1_733' title='bbox 2208 5174 2323 5230; x_wconf 88' lang='lat' dir='ltr'><strong>2.Si</strong></span> <span class='ocrx_word' id='word_1_734' title='bbox 2350 5174 2501 5229; x_wconf 83' lang='lat' dir='ltr'><strong>Deus</strong></span> <span class='ocrx_word' id='word_1_735' title='bbox 2524 5173 2652 5229; x_wconf 88' lang='lat' dir='ltr'><strong>sine</strong></span> <span class='ocrx_word' id='word_1_736' title='bbox 2674 5173 3150 5246; x_wconf 83' lang='lat' dir='ltr'><strong>ﬁneiningenila</strong></span> <span class='ocrx_word' id='word_1_737' title='bbox 3195 5179 3406 5231; x_wconf 88' lang='lat' dir='ltr'><strong>natura</strong></span> <span class='ocrx_word' id='word_1_738' title='bbox 3454 5185 3716 5250; x_wconf 88' lang='lat' dir='ltr'><strong>maneat,</strong></span> <span class='ocrx_word' id='word_1_739' title='bbox 3752 5185 3814 5237; x_wconf 86' lang='lat' dir='ltr'><strong>et</strong></span> 
     </span>
    </p>
   </div>
   <div class='ocr_carea' id='block_1_114' title="bbox 2137 5263 3816 5338">
    <p class='ocr_par' dir='ltr' id='par_1_114' title="bbox 2137 5263 3816 5338">
     <span class='ocr_line' id='line_1_114' title="bbox 2137 5263 3816 5338; baseline 0.003 -19"><span class='ocrx_word' id='word_1_740' title='bbox 2137 5264 2407 5336; x_wconf 86' lang='lat' dir='ltr'><strong>genitura</strong></span> <span class='ocrx_word' id='word_1_741' title='bbox 2440 5263 2564 5318; x_wconf 90' lang='lat' dir='ltr'><strong>sine</strong></span> <span class='ocrx_word' id='word_1_742' title='bbox 2621 5263 2736 5317; x_wconf 81' lang='lat' dir='ltr'><strong>ﬁne</strong></span> <span class='ocrx_word' id='word_1_743' title='bbox 2791 5263 3063 5334; x_wconf 82' lang='lat' dir='ltr'><strong>genitura</strong></span> <span class='ocrx_word' id='word_1_744' title='bbox 3121 5269 3230 5331; x_wconf 89' lang='lat' dir='ltr'><strong>est,</strong></span> <span class='ocrx_word' id='word_1_745' title='bbox 3265 5269 3420 5321; x_wconf 89' lang='lat' dir='ltr'><strong>certe</strong></span> <span class='ocrx_word' id='word_1_746' title='bbox 3464 5283 3816 5338; x_wconf 75' lang='lat' dir='ltr'><strong>perversum</strong></span> 
     </span>
    </p>
   </div>
   <div class='ocr_carea' id='block_1_115' title="bbox 2139 5352 3809 5426">
    <p class='ocr_par' dir='ltr' id='par_1_115' title="bbox 2139 5352 3809 5426">
     <span class='ocr_line' id='line_1_115' title="bbox 2139 5352 3809 5426; baseline 0.005 -19"><span class='ocrx_word' id='word_1_747' title='bbox 2139 5354 2210 5409; x_wconf 91' lang='lat' dir='ltr'><strong>de</strong></span> <span class='ocrx_word' id='word_1_748' title='bbox 2242 5352 2548 5409; x_wconf 89' lang='lat' dir='ltr'><strong>homousio</strong></span> <span class='ocrx_word' id='word_1_749' title='bbox 2580 5358 2636 5408; x_wconf 88' lang='lat' dir='ltr'><strong>et</strong></span> <span class='ocrx_word' id='word_1_750' title='bbox 2666 5352 2993 5408; x_wconf 74' lang='lat' dir='ltr'><strong>hommusio</strong></span> <span class='ocrx_word' id='word_1_751' title='bbox 3025 5355 3239 5426; x_wconf 85' lang='lat' dir='ltr'><strong>dogma</strong></span> <span class='ocrx_word' id='word_1_752' title='bbox 3300 5364 3628 5413; x_wconf 82' lang='lat' dir='ltr'><strong>evanescat.</strong></span> <span class='ocrx_word' id='word_1_753' title='bbox 3665 5359 3809 5415; x_wconf 86' lang='lat' dir='ltr'><strong>Jam</strong></span> 
     </span>
    </p>
   </div>
   <div class='ocr_carea' id='block_1_116' title="bbox 2140 5439 3815 5512">
    <p class='ocr_par' dir='ltr' id='par_1_116' title="bbox 2140 5439 3815 5512">
     <span class='ocr_line' id='line_1_116' title="bbox 2140 5439 3815 5512; baseline 0.005 -18"><span class='ocrx_word' id='word_1_754' title='bbox 2140 5441 2423 5512; x_wconf 90' lang='lat' dir='ltr'><strong>quidquid</strong></span> <span class='ocrx_word' id='word_1_755' title='bbox 2454 5439 2782 5496; x_wconf 88' lang='lat' dir='ltr'><strong>substantia</strong></span> <span class='ocrx_word' id='word_1_756' title='bbox 2805 5445 3051 5511; x_wconf 87' lang='lat' dir='ltr'><strong>constat,</strong></span> <span class='ocrx_word' id='word_1_757' title='bbox 3075 5442 3152 5497; x_wconf 87' lang='lat' dir='ltr'><strong>ita</strong></span> <span class='ocrx_word' id='word_1_758' title='bbox 3171 5443 3465 5509; x_wconf 87' lang='lat' dir='ltr'><strong>consistit,</strong></span> <span class='ocrx_word' id='word_1_759' title='bbox 3500 5450 3564 5500; x_wconf 90' lang='lat' dir='ltr'><strong>ut</strong></span> <span class='ocrx_word' id='word_1_760' title='bbox 3591 5454 3815 5503; x_wconf 86' lang='lat' dir='ltr'><strong>neutra</strong></span> 
     </span>
    </p>
   </div>
   <div class='ocr_carea' id='block_1_117' title="bbox 2141 5529 3815 5604">
    <p class='ocr_par' dir='ltr' id='par_1_117' title="bbox 2141 5529 3815 5604">
     <span class='ocr_line' id='line_1_117' title="bbox 2141 5529 3815 5604; baseline 0.004 -19"><span class='ocrx_word' id='word_1_761' title='bbox 2141 5534 2197 5585; x_wconf 88' lang='lat' dir='ltr'><strong>in</strong></span> <span class='ocrx_word' id='word_1_762' title='bbox 2222 5539 2430 5585; x_wconf 88' lang='lat' dir='ltr'><strong>natura</strong></span> <span class='ocrx_word' id='word_1_763' title='bbox 2454 5531 2604 5585; x_wconf 88' lang='lat' dir='ltr'><strong>inter</strong></span> <span class='ocrx_word' id='word_1_764' title='bbox 2625 5546 2686 5584; x_wconf 86' lang='lat' dir='ltr'><strong>se</strong></span> <span class='ocrx_word' id='word_1_765' title='bbox 2707 5529 2954 5585; x_wconf 85' lang='lat' dir='ltr'><strong>conferri</strong></span> <span class='ocrx_word' id='word_1_766' title='bbox 2981 5547 3232 5602; x_wconf 90' lang='lat' dir='ltr'><strong>unquam</strong></span> <span class='ocrx_word' id='word_1_767' title='bbox 3283 5533 3488 5604; x_wconf 87' lang='lat' dir='ltr'><strong>possit,</strong></span> <span class='ocrx_word' id='word_1_768' title='bbox 3547 5551 3687 5591; x_wconf 88' lang='lat' dir='ltr'><strong>cum</strong></span> <span class='ocrx_word' id='word_1_769' title='bbox 3725 5537 3815 5591; x_wconf 81' lang='lat' dir='ltr'><strong>ni-</strong></span> 
     </span>
    </p>
   </div>
   <div class='ocr_carea' id='block_1_118' title="bbox 2141 5617 3810 5696">
    <p class='ocr_par' dir='ltr' id='par_1_118' title="bbox 2141 5617 3810 5696">
     <span class='ocr_line' id='line_1_118' title="bbox 2141 5617 3810 5696; baseline 0.004 -21"><span class='ocrx_word' id='word_1_770' title='bbox 2141 5619 2355 5676; x_wconf 89' lang='lat' dir='ltr'><strong>mirum</strong></span> <span class='ocrx_word' id='word_1_771' title='bbox 2386 5619 2621 5692; x_wconf 88' lang='lat' dir='ltr'><strong>propria</strong></span> <span class='ocrx_word' id='word_1_772' title='bbox 2661 5617 2720 5673; x_wconf 90' lang='lat' dir='ltr'><strong>in</strong></span> <span class='ocrx_word' id='word_1_773' title='bbox 2754 5623 2971 5675; x_wconf 63' lang='lat' dir='ltr'><strong>naturai</strong></span> <span class='ocrx_word' id='word_1_774' title='bbox 3003 5621 3288 5692; x_wconf 83' lang='lat' dir='ltr'><strong>dignitate</strong></span> <span class='ocrx_word' id='word_1_775' title='bbox 3325 5623 3454 5678; x_wconf 89' lang='lat' dir='ltr'><strong>sine</strong></span> <span class='ocrx_word' id='word_1_776' title='bbox 3497 5625 3810 5696; x_wconf 84' lang='lat' dir='ltr'><strong>perduret.</strong></span> 
     </span>
    </p>
   </div>
  </div>
