4090 6192
233 362 259 422 1
274 358 392 422 39‘!

1586 346 1995 413 THESAUBI
2042 346 2187 415 LIB.
2236 356 2314 417 ν.

3481 362 3642 425 1398

298 497 351 551 3.
386 493 444 549 Si
474 497 627 549 Deus
660 488 998 547 substantia
1027 504 1136 545 sua
1166 487 1466 560 ingenitus
1496 489 1605 557 est,
1639 486 1697 543 in
1725 488 1881 559 quod
1912 489 1967 555 Α
2067 488 2155 545 43.
2189 489 2245 547 Si
2278 495 2488 548 natura
2519 493 2781 567 ingenita
2810 496 3168 567 generationi
3226 513 3339 555 non
3374 499 3545 567 cedit,
3576 500 3637 558 id

228 587 493 661 genitum
524 587 616 640 est
649 582 1111 653 haudquaquam
1170 580 1433 652 genitum
1484 585 1568 635 est
1620 579 1887 634 essentia

232 674 543 741 divisione,
578 673 679 729 sed
714 688 783 727 ex
838 670 1119 739 essentia,
1174 669 1231 725 vi
1289 670 1460 740 cujus
1488 668 1548 723 id
1586 668 1882 724 subsistit.

230 764 417 819 Unam
449 760 605 817 enim
640 763 696 815 et
727 758 996 814 eamdem
1030 757 1343 813 essentiam
1378 757 1633 825 genitam
1681 759 1738 811 et
1791 756 1885 811 in-

230 852 487 923 genitam
520 865 664 919 esse,
699 847 860 904 nulla
893 846 988 920 pia
1047 847 1270 903 ratione
1326 847 1602 919 cuiquam
1643 860 1887 916 persua-

230 941 354 998 deri
388 943 585 1013 queat.

299 1032 351 1085 4.
385 1031 443 1085 Si
479 1031 534 1086 id
568 1028 853 1102 genitum,
888 1027 1043 1099 quod
1075 1031 1165 1083 est
1193 1025 1547 1098 ingenitum,
1581 1024 1721 1096 quid
1782 1025 1883 1080 ob-

232 1123 373 1187 stat,
405 1119 728 1192 quominus
758 1117 816 1172 id
876 1117 1032 1187 quod
1092 1115 1347 1187 genitum
1404 1119 1514 1182 est,
1559 1114 1882 1185 ingenitum

231 1224 465 1283 quoque
497 1207 631 1265 sit?
688 1206 892 1261 Omnis
953 1207 1106 1261 enim
1166 1209 1369 1261 natura
1419 1204 1656 1275 pronior
1692 1211 1780 1260 est
1812 1203 1881 1259 ad

227 1302 286 1356 id
321 1301 475 1372 quod
508 1298 616 1355 sibi
652 1297 976 1370 proprium,
1018 1313 1197 1370 quam
1231 1297 1302 1353 ad
1335 1296 1393 1351 id
1456 1296 1611 1368 quod
1657 1297 1880 1369 impro-

231 1390 428 1462 pritim
461 1392 568 1445 est.

298 1481 349 1535 5.
387 1480 445 1534 Si
480 1483 630 1535 Deus
662 1480 820 1533 totus
853 1476 1151 1549 ingenitus
1183 1493 1298 1532 non
1332 1480 1440 1544 est,
1475 1474 1621 1531 nihil
1681 1476 1880 1532 obstat

229 1568 549 1641 quominus
606 1567 872 1623 essentia
930 1583 1049 1622 sua
1105 1566 1160 1621 vi
1219 1566 1505 1639 genuerit.
1539 1566 1610 1620 At
1638 1564 1686 1621 si
1719 1569 1880 1621 totus

227 1657 524 1730 ingenitus
555 1662 665 1727 est,
700 1656 1161 1729 haudquaquam
1194 1656 1460 1711 essentia
1490 1654 1547 1710 vi
1599 1654 1669 1709 ad
1703 1670 1881 1726 gene-

227 1748 517 1803 rationem
550 1746 867 1802 distraetus
899 1752 1005 1815 est,
1040 1745 1141 1801 sed
1203 1761 1271 1801 ex
1329 1744 1661 1800 substantia
1717 1742 1879 1814 geni-

222 1840 416 1892 turam
451 1836 743 1908 produxit.

297 1929 352 1982 6.
387 1928 446 1983 Si
470 1928 622 1983 Deus
644 1927 937 1999 ingenitus
960 1925 1271 1998 generandi
1322 1924 1377 1979 vi
1431 1924 1714 1997 praditus
1746 1940 1872 1980 om-

225 2016 367 2071 nino
401 2015 572 2083 est,id
607 2017 761 2089 quod
792 2020 880 2072 est
935 2016 1201 2087 genitum
1259 2013 1720 2086 haudquaquam
1778 2030 1872 2069 cs-

222 2105 423 2161 sentia
453 2122 569 2162 sua
591 2105 645 2163 vi
673 2104 933 2179 genitum
954 2109 1063 2173 est,
1098 2121 1232 2161 cum
1282 2120 1348 2161 ea
1381 2104 1722 2161 substantia
1755 2120 1873 2160 sua

219 2197 310 2251 vis
342 2195 581 2251 omnino
615 2195 793 2251 insita
823 2195 919 2262 sit,
952 2201 1205 2267 generet,
1241 2210 1358 2249 non
1417 2198 1481 2249 ut
1538 2198 1872 2266 generetur.

287 2283 341 2337 7.
377 2282 437 2337 Si
462 2281 879 2354 transfigurata
907 2282 1003 2337 Dei
1036 2282 1364 2337 substantia
1394 2281 1577 2337 Filius
1638 2281 1871 2348 dicitur,

218 2386 335 2427 non
367 2388 434 2427 ea
465 2375 618 2427 certe
650 2372 983 2427 substantia
1040 2372 1165 2441 ejus
1223 2374 1333 2437 est,
1365 2375 1431 2424 ut
1486 2369 1702 2425 mutari
1757 2387 1871 2425 non

219 2462 423 2531 possit,
466 2477 601 2516 cum
634 2477 704 2517 ex
731 2459 1068 2531 hujusmodi
1108 2458 1430 2513 mutatione
1461 2458 1683 2530 species
1742 2456 1872 2513 Filii

217 2551 500 2621 producta
531 2549 625 2606 sit.
659 2554 727 2605 At
784 2549 833 2605 si
888 2548 989 2605 Dei
1046 2548 1378 2603 substantia
1427 2547 1738 2603 mutationi
1770 2548 1871 2603 ob-

219 2641 393 2696 noxia
425 2658 539 2696 non
573 2644 682 2708 est,
713 2656 818 2696 nec
848 2638 1205 2710 generationi
1243 2638 1555 2710 subjicitur
1588 2655 1601 2694 :
1663 2642 1873 2694 natura

217 2732 347 2787 Filii
388 2733 458 2787 ad
491 2732 708 2787 nudam
740 2735 797 2787 et
828 2728 1156 2802 simplicem
1206 2728 1653 2801 appellationem
1705 2745 1870 2802 pror-

222 2837 323 2875 sus
356 2822 673 2891 redigetur.

293 2910 346 2963 8.
380 2909 439 2964 Si
471 2909 741 2981 genitura
782 2908 1127 2980 spermatice
1174 2908 1434 2981 ingenito
1494 2910 1606 2967 Deo
1662 2909 1870 2977 inerat,

219 3015 287 3053 ea
314 3002 446 3069 post
477 2997 907 3071 generationem
929 2998 1288 3054 extrinsecus
1310 3006 1611 3071 assumpta
1650 2998 1708 3054 in
1767 2998 1871 3054 ho-

221 3089 465 3157 minem,
517 3094 580 3145 ut
636 3089 719 3144 ita
767 3090 978 3158 dicam,
1040 3090 1223 3145 evasit
1269 3106 1284 3147 :
1351 3093 1503 3145 certe
1584 3091 1871 3163 perfectus

212 3182 302 3232 est
336 3178 517 3233 Filius
555 3194 668 3233 non
702 3178 774 3234 iis
834 3193 901 3233 ex
958 3178 1173 3251 quibus
1231 3178 1465 3251 genitus
1524 3186 1630 3247 est,
1663 3180 1760 3235 sed
1794 3179 1867 3235 iis

213 3284 341 3339 qua
374 3267 715 3339 assumpsit.
778 3269 912 3334 Qua
971 3268 1125 3324 enim
1186 3285 1254 3324 ex
1320 3267 1391 3324 iis
1450 3285 1575 3340 qua
1608 3272 1748 3324 sunt
1776 3269 1866 3324 sui

210 3357 445 3427 generis
483 3362 814 3423 assumunt,
847 3372 912 3413 ea
970 3362 1251 3426 tanquam
1311 3373 1379 3413 ex
1440 3358 1694 3430 propriis
1732 3375 1867 3414 con-

212 3445 431 3499 stantia
468 3445 711 3517 perfecti
753 3462 963 3502 romen
1003 3446 1383 3503 multifariam
1440 3447 1865 3519 adipiscuntur.

283 3533 333 3586 9.
372 3534 431 3589 Si
464 3535 719 3605 perfecta
750 3539 905 3590 esset
934 3536 1225 3607 genitura,
1287 3539 1440 3592 certe
1500 3538 1556 3591 in
1599 3553 1665 3592 eo
1710 3536 1867 3607 quod

210 3624 471 3691 genitum
504 3628 597 3679 est
623 3624 895 3695 genitura
924 3623 1289 3691 consisteret,
1322 3640 1438 3681 non
1496 3625 1570 3680 iis
1613 3641 1681 3680 ex
1738 3623 1867 3696 qui-

214 3712 327 3767 bus
360 3712 658 3783 ingenitus
688 3713 814 3784 ipse
847 3712 1064 3783 genuit.
1097 3713 1213 3769 Nec
1257 3713 1413 3768 enim
1474 3712 1596 3769 ﬁeri
1655 3718 1866 3785 potest,

210 3805 277 3856 ut
307 3803 506 3873 genita
538 3807 749 3857 natura
779 3801 1042 3873 ingenito
1071 3801 1462 3859 essentiaiiter
1509 3801 1672 3858 insit.
1719 3803 1864 3859 Nam

213 3889 323 3944 hoc
354 3890 509 3946 idem
569 3890 763 3959 fuerit,
826 3896 1000 3963 atque
1053 3891 1102 3947 si
1162 3891 1464 3963 quidpiam
1506 3908 1635 3947 esse
1663 3896 1720 3946 et
1749 3909 1865 3948 non

210 3995 341 4035 esse
367 3980 589 4034 dicatur
621 3995 635 4047 ;
671 3979 962 4049 siquidem
994 3980 1269 4051 genitura
1299 3979 1562 4051 ingenita
1609 3997 1723 4034 non
1755 3984 1864 4047 est,

213 4073 271 4124 et
304 4069 460 4140 quod
494 4067 818 4137 ingenitum
877 4071 989 4133 est,
1049 4068 1320 4138 genitura
1378 4084 1491 4122 non
1548 4068 1676 4121 fuit.
1738 4067 1869 4121 Par-

210 4157 361 4213 tium
395 4156 549 4213 enim
586 4154 1006 4213 dissimilitudo
1036 4154 1095 4209 in
1127 4155 1243 4211 Deo
1298 4154 1549 4227 speciem
1600 4153 1869 4225 blasphe-

205 4247 337 4302 mia
372 4250 428 4302 et
457 4246 825 4303 contumelia
860 4261 977 4317 pra
1006 4260 1068 4300 se
1101 4245 1232 4300 fert.

287 4337 373 4392 10.
406 4336 463 4391 Si
497 4335 650 4391 Deus
680 4335 1053 4406 omnipotens
1084 4351 1098 4389 :
1133 4350 1266 4389 cum
1310 4333 1387 4389 sit
1441 4332 1713 4403 ingenita
1763 4351 1864 4389 na-

211 4430 381 4494 tura,
415 4425 610 4495 genita
642 4441 702 4480 se
735 4429 945 4479 natura
976 4439 1104 4478 esse
1136 4422 1367 4494 ignorat
1396 4437 1417 4483 ;
1449 4428 1505 4477 et
1551 4424 1598 4478 si
1660 4421 1865 4491 Filius,

208 4533 345 4573 eum
380 4518 457 4571 sit
488 4516 693 4585 genita.-
728 4518 973 4582 natura,
1008 4512 1265 4584 seipsum
1301 4512 1359 4566 id
1413 4528 1541 4566 esse
1593 4515 1745 4583 quod
1779 4518 1867 4569 est

1995 576 2185 647 ipsum
2219 585 2325 648 est,
2359 584 2511 653 quod
2544 587 2602 639 et
2630 584 2849 640 dicitur
2880 601 2895 642 :
2928 588 2987 641 at
3007 585 3056 641 si
3078 587 3436 658 generationi
3459 590 3642 658 cedit,

1995 681 2060 721 eo
2091 668 2178 739 fit,
2223 675 2287 725 ut
2339 673 2731 743 generationis
2786 674 3118 731 ati‘eetiones
3177 676 3295 733 sint
3342 678 3640 751 hypostasi

1995 756 2184 813 divina
2214 762 2663 831 prastantiores.

2065 848 2241 905 14.ὃί
2295 851 2570 922 genitura
2629 857 2840 910 natura
2898 855 3283 913 immutabilis
3339 863 3445 928 est,
3506 876 3639 932 pro-

1994 942 2122 1009 pter
2150 957 2282 996 eum
2312 944 2411 1014 qui
2440 944 2662 1015 genuit,
2696 946 3023 1019 ingenitum
3054 948 3209 1003 haud
3267 949 3443 1005 dubie
3499 951 3645 1006 sub-

1994 1030 2210 1086 stantia
2237 1030 2627 1089 immutabilis
2658 1040 2765 1103 est,
2794 1051 2910 1092 non
2944 1037 3166 1094 ratione
3213 1038 3548 1110 voluntatis,
3582 1045 3641 1099 at

1992 1119 2314 1191 dignitatis,
2347 1137 2473 1193 qua
2505 1124 2845 1181 substantiae
2871 1126 3046 1182 inest.

2066 1210 2152 1266 15.
2187 1210 2245 1265 Si
2299 1226 2509 1268 nomen
2572 1214 2814 1287 ingeniti
2873 1215 3263 1273 substantiam
3323 1217 3635 1291 significet,

1992 1299 2196 1354 merito
2227 1300 2565 1357 substantia
2598 1302 2863 1375 genitura
2894 1304 3245 1376 opponitur:
3305 1311 3364 1363 at
3399 1308 3447 1364 si
3486 1308 3638 1364 nihil

1991 1389 2654 1463 significetingenitum,
2685 1395 2867 1451 multo
2912 1396 3102 1469 magis
3161 1398 3429 1469 genitura
3487 1399 3636 1454 nihil

1991 1479 2301 1551 significat.
2334 1484 2463 1537 Jam
2498 1482 2597 1553 qui
2630 1484 2751 1538 fieri
2780 1488 2991 1557 potest,
3024 1490 3089 1541 ut
3143 1485 3328 1543 nihilo
3379 1488 3629 1546 nihilum

1990 1573 2319 1640 opponatur
2346 1569 2373 1624 ?

2062 1656 2147 1710 16.
2178 1657 2235 1711 Si
2269 1659 2664 1729 pronuntiatio
2721 1661 2985 1733 ingenita
3041 1664 3251 1734 genita
3298 1668 3638 1737 pronuntia~

1990 1744 2131 1801 tioni
2185 1748 2521 1820 opponitur,
2580 1749 2813 1805 silentio
2890 1752 3426 1822 pronuntiationem
3483 1754 3639 1810 exci-

1908 1869 1955 1931 Β
1990 1834 2183 1906 piente
2215 1836 2519 1931 con-tingit,
2574 1841 2636 1892 ut
2692 1837 2792 1893 fiat
2839 1842 2896 1895 et
2935 1846 3261 1931 evanescat,
3287 1841 3636 1899 christiano-

1984 1940 2113 1979 rum
2148 1940 2283 1995 spes
2314 1923 2371 1978 in
2405 1925 2635 1981 diversa
2697 1928 3173 1997 pronuntiatione
3218 1930 3352 1997 sita,
3385 1948 3501 1988 non
3532 1948 3635 1989 au-

1980 2016 2089 2067 tem
2124 2012 2181 2067 in
2209 2013 2459 2081 naturis,
2521 2030 2647 2085 qua
2708 2015 2790 2069 ita
2838 2030 2901 2070 se
2957 2015 3196 2086 habent,
3230 2021 3293 2072 ut
3324 2020 3633 2080 nominum

1982 2099 2333 2172 signiﬁcatio
2369 2102 2627 2173 requirit.

2056 2191 2142 2245 17.
2201 2190 2256 2245 Si
2308 2192 2379 2246 ad
2441 2190 2784 2248 substantia
2845 2193 3243 2266 prastantiam
3309 2194 3636 2269 ingenitum

1982 2279 2128 2334 nihil
2162 2279 2408 2352 amplius
2440 2281 2568 2353 ipsa
2592 2281 2864 2353 genitura
2919 2283 3148 2350 tribuit,
3197 2299 3262 2341 eo
3316 2285 3402 2352 fit,
3436 2290 3500 2342 ut
3549 2287 3634 2344 Fi-

1982 2367 2096 2423 lius
2129 2369 2604 2440 pronuntiatione
2634 2372 2760 2427 sola
2790 2378 3078 2445 prastans
3123 2389 3219 2429 eos
3268 2374 3459 2447 seipse
3516 2393 3634 2432 me-

1980 2456 2155 2513 liores
2187 2458 2603 2531 deprehendat,
2665 2462 2763 2532 qui
2824 2462 3119 2534 invocant,
3153 2480 3267 2519 non
3323 2479 3479 2537 eum,
3528 2466 3629 2539 qui

1979 2551 2035 2601 et
2064 2547 2218 2604 Deus
2251 2553 2307 2603 et
2338 2548 2506 2604 Pater
2530 2550 2659 2619 ejus
2690 2551 3014 2606 invocatur.

2054 2637 2140 2691 18.
2175 2637 2235 2693 Si
2270 2642 2477 2693 natura
2511 2638 2771 2709 ingenita
2830 2642 3201 2714 prastantior
3251 2647 3339 2700 est
3389 2661 3628 2716 genera-

1980 2726 2154 2794 tione,
2190 2727 2406 2798 quippe
2438 2745 2565 2799 qua
2597 2729 2731 2799 jure
2791 2731 2961 2800 quasi
3021 2731 3383 2789 hareditario
3429 2736 3633 2790 sortita

1979 2816 2057 2872 sit
2086 2815 2141 2870 id
2175 2818 2324 2887 quod
2352 2818 2728 2887 praestantius
2763 2823 2872 2888 est,
2905 2835 2971 2875 eo
3004 2820 3085 2888 fit,
3146 2827 3209 2876 ut
3266 2838 3369 2893 per
3396 2839 3458 2878 se
3487 2823 3632 2879 sub-

1979 2906 2197 2961 stantia
2228 2906 2485 2977 ingenita
2516 2905 2612 2962 sit.
2645 2907 2753 2972 Qui
2788 2909 2945 2964 enim
2978 2909 3120 2980 vult,
3153 2924 3269 2966 non
3321 2912 3457 2982 quia
3482 2912 3628 2981 vult,

1977 2994 2193 3050 idcirco
2224 2995 2596 3065 generatione
2627 2997 3003 3067 praestantior
3070 3002 3178 3069 est,
3240 3000 3339 3055 sed
3382 2999 3517 3074 quia
3547 3000 3629 3057 ita

1979 3088 2188 3140 natura
2216 3090 2588 3158 comparatus
2620 3090 2730 3143 est.
2790 3086 2992 3158 Itaque
3050 3087 3383 3145 substantia
3439 3106 3539 3161 per
3568 3107 3631 3147 se

1979 3172 2333 3240 subsistens,
2367 3175 2665 3246 ingenitus
2698 3174 2871 3244 Deus,
2904 3176 3025 3231 ulla
3058 3178 3277 3233 ratione
3327 3179 3629 3249 permittit,

1983 3266 2276 3317 utcontra
2306 3264 2561 3334 seipsam
2604 3264 2901 3335 generatio
2962 3264 3339 3338 intelligatur,
3384 3267 3629 3323 feratur-

1975 3368 2087 3423 que
2119 3368 2222 3423 pro
2253 3352 2493 3407 arbitrio
2533 3356 2592 3408 et
2648 3353 2935 3409 sententia
2992 3370 3193 3410 eorum
3257 3371 3383 3426 qua
3437 3355 3631 3426 genita

1973 3445 2131 3496 sunt.

2047 3532 2132 3587 19.
2167 3531 2224 3586 Si
2260 3531 2584 3602 ingenitum
2638 3532 2698 3587 in
2758 3533 2871 3588 Deo
2929 3533 3312 3604 privationem
3364 3534 3619 3605 denotet,

1975 3620 2075 3692 qui
2118 3620 2242 3675 ﬁeri
2292 3618 2525 3691 poterit,
2587 3625 2652 3676 ut
2709 3621 2958 3677 nihilum
3019 3623 3091 3678 ab
3139 3640 3205 3678 eo
3262 3628 3623 3688 secernatur,

1975 3713 2126 3783 quod
2151 3728 2440 3783 nusquam
2473 3713 2608 3769 est?
2636 3714 2797 3777 Quod
2832 3714 2879 3769 si
2901 3713 2962 3766 τὸ
2994 3711 3075 3781 ’iv,
3108 3731 3205 3768 seu
3239 3714 3296 3768 id
3331 3716 3484 3784 quod
3513 3719 3625 3779 est,

1974 3802 2283 3873 signiticet,
2316 3805 2470 3873 quis,
2504 3819 2714 3871 quaeso,
2747 3809 2953 3870 Deum,
2990 3801 3086 3871 qui
3119 3806 3221 3864 est,
3256 3802 3327 3857 ab
3374 3819 3441 3858 eo
3497 3804 3626 3875 ipso

1976 3891 2133 3961 quod
2168 3891 2290 3960 ipse
2321 3897 2407 3944 est
2438 3889 2779 3956 separabit?

2047 3979 2137 4031 20.
2171 3977 2224 4031 Si
2260 3976 2613 4047 privationes
2638 3975 2785 4031 nihil
2845 3976 3004 4034 aliud
3062 3979 3201 4049 sint,
3235 3997 3408 4053 quam
3467 3983 3631 4039 habi-
3672 4032 3699 4055 ,-

1974 4069 2136 4119 tuum
2168 4064 2513 4131 ablationes,
2546 4069 2696 4122 certe
2756 4065 3082 4138 ingenitum
3138 4068 3308 4139 illud,
3369 4072 3626 4144 quodin

1975 4159 2087 4209 Deo
2119 4157 2227 4220 est,
2261 4158 2358 4210 aut
2388 4155 2623 4211 habitus
2678 4155 2945 4227 privatio,
3002 4162 3094 4214 aut
3152 4160 3494 4231 privationis
3525 4162 3623 4219 ha~

1974 4245 2134 4299 bitus
2167 4244 2437 4299 cst.Jam
2492 4245 2540 4300 si
2601 4245 2840 4302 habitus
2897 4247 3143 4319 privatio
3202 4249 3299 4319 sit,
3360 4250 3462 4322 qui
3494 4252 3620 4307 ﬂeri

1974 4335 2203 4405 poterit,
2251 4338 2315 4389 ut
2349 4335 2503 4404 quod
2538 4351 2653 4391 non
2706 4335 2888 4409 adest,
2938 4340 3217 4409 tanquam
3276 4339 3449 4408 adsit,
3512 4345 3625 4397 Deo

1975 4425 2552 4482 adnumeretur'iSin
2579 4430 2775 4482 autem
2820 4427 3146 4499 ingenitum
3216 4432 3304 4485 est
3363 4429 3623 4502 habitus,

1974 4530 2210 4571 necesse
2240 4520 2331 4570 est.
2360 4514 2616 4586 genitam
2651 4515 3041 4573 substantiam
3078 4534 3628 4593 prasupponamus,

209 4582 536 4677 cognoscit,
568 4603 668 4676 qui
703 4604 827 4658 fieri
891 4606 1106 4673 potest,
1161 4602 1302 4673 quin
1361 4602 1708 4658 homousion
1758 4605 1863 4659 fal-
1899 4577 1940 4640 Β
1975 4608 2037 4659 ut
2066 4603 2268 4659 habitu
2302 4605 2457 4660 hunc
2488 4604 2546 4660 in
2580 4606 2819 4662 modum
2853 4613 3178 4679 assumpto,
3236 4608 3496 4681 ingenita
3528 4577 3626 4668 ne:

208 4713 345 4755 sum
380 4698 475 4765 sit,
518 4712 650 4751 cum
709 4692 806 4749 illo
863 4693 1216 4765 ingenitum,
1273 4692 1363 4749 hic
1418 4695 1674 4765 genitum
1715 4712 1864 4752 'esse

207 4785 362 4843 sciat
389 4786 417 4841 ?

289 4876 371 4930 it.
405 4874 460 4928 Si
493 4872 668 4928 dictio
701 4871 1011 4944 ingenitum
1041 4870 1404 4943 hypostasim
1466 4871 1564 4928 Dei
1614 4890 1728 4929 non
1763 4875 1860 4930 de-

204 4966 392 5033 notet,
426 4963 529 5019 sed
556 4976 769 5017 nomen
799 4960 941 5015 illud
968 4960 1427 5031 incomparabile
1450 4962 1520 5016 ad
1546 4961 1859 5019 humanam

204 5052 545 5124 opinionem
581 5052 884 5115 referatur,
946 5064 1013 5102 eo
1068 5048 1153 5115 fit,
1213 5051 1279 5103 ut
1319 5049 1388 5104 iis
1439 5051 1539 5121 qui
1589 5052 1859 5122 opinione

201 5141 428 5213 aliquid
462 5143 877 5211 assequuntur,
932 5136 1153 5207 gratias
1212 5137 1366 5193 Deus
1425 5143 1580 5210 agat,
1641 5140 1860 5195 ratione

209 5231 506 5303 opinionis
537 5227 805 5300 ingenita
840 5243 854 5281 :
887 5242 1022 5282 eum
1064 5226 1320 5281 nominis
1379 5227 1558 5298 hujus
1614 5229 1859 5300 dignita-

196 5326 319 5377 tem
352 5320 410 5374 in
446 5317 701 5374 essentia
734 5331 852 5371 non
888 5316 1053 5369 ferat.

279 5411 366 5465 12.
401 5409 460 5465 Si
493 5405 852 5464 extrinsecus
913 5402 1241 5477 ingenitum
1298 5403 1356 5460 in
1417 5405 1531 5462 Deo
1591 5407 1856 5464 conside-

208 5503 391 5565 retur,
426 5499 461 5552 ii
495 5496 594 5569 qui
626 5494 1117 5552 consideraverint
1148 5510 1211 5548 eo
1232 5495 1383 5566 quod
1419 5496 1854 5554 consideratum

206 5590 385 5645 fuerit
417 5585 844 5660 prastantiores
866 5588 1054 5650 erunt,
1088 5599 1221 5639 cum
1281 5600 1508 5654 nomen,
1543 5586 1697 5657 quod
1739 5587 1855 5644 Deo

202 5675 760 5751 praestantissimum
793 5673 1054 5731 omnium
1080 5675 1185 5741 est,
1218 5671 1327 5728 sibi
1369 5677 1850 5746 eomparaverint.

1975 4694 2251 4750 minetur.

2042 4789 2132 4840 2t.
2166 4785 2222 4841 Si
2255 4786 2448 4858 genita
2486 4786 2752 4858 ingenita
2785 4789 3125 4845 substantia
3160 4791 3450 4865 particeps
3507 4798 3622 4864 est,

1972 4874 2204 4930 habitus
2251 4877 2634 4947 adjectionem
2683 4894 2876 4949 passa,
2938 4878 3090 4934 haud
3144 4880 3318 4937 dubie
3378 4882 3624 4953 ingeniti

1972 4964 2247 5019 facultate
2280 4966 2560 5036 privatur,
2595 4966 2673 5021 ita
2706 4969 2770 5021 ut
2800 4967 2995 5037 genita
3026 4968 3266 5039 quidem
3298 4970 3625 5028 substantia

1973 5054 2072 5119 sit,
2107 5055 2430 5124 ingenitum
2490 5059 2685 5110 autem
2746 5055 3003 5110 habitus.
3066 5058 3226 5122 Quod
3282 5059 3329 5114 si
3357 5059 3624 5127 genitura

1971 5144 2280 5199 transitum
2312 5144 2626 5215 significat,
2657 5146 2872 5218 quippe
2908 5162 3031 5217 qua
3063 5146 3331 5203 habitum
3366 5150 3619 5217 denotet,

1969 5233 2056 5287 vel
2090 5250 2155 5287 ex
2190 5232 2444 5287 essentia
2496 5234 2773 5306 quapiam
2838 5240 3090 5305 constat,
3151 5236 3234 5291 vel
3284 5236 3395 5294 hoc
3429 5239 3625 5311 ipsum

1970 5325 2081 5389 est,
2114 5325 2266 5391 quod
2302 5323 2568 5393 genitura
2601 5324 2834 5381 dicitur.

2037 5411 2125 5467 22.
2160 5412 2218 5466 Si
2254 5412 2577 5481 ingenitum
2637 5414 2896 5481 habitus,
2950 5420 3007 5472 et
3065 5416 3330 5488 genitum
3380 5416 3621 5477 habitus

1969 5508 2075 5565 est,
2112 5499 2310 5571 procul
2344 5502 2520 5557 dubio
2554 5502 2814 5557 essentia
2855 5508 2993 5558 sunt
3050 5503 3348 5563 habitibus
3376 5507 3619 5579 priores,

1970 5589 2418 5646 habitusautem
2479 5591 2749 5647 essentiis
2809 5597 3181 5664 posteriores,
3242 5601 3441 5652 utrum
3482 5614 3616 5669 ergo

1968 5679 2417 5736 honoratiores?
2446 5682 2575 5737 Jam
2606 5681 2651 5737 si
2689 5681 2869 5751 geniti
2915 5697 3092 5739 causa
3149 5684 3225 5739 sit
3281 5685 3609 5758 ingenitum
