4090 6192
416 329 574 393 1399

1733 323 2038 389 NICET/E
2084 322 2511 386 ΟΗΟΝΙΑΤΛΞῙ

3685 329 3858 388 1400

421 467 478 519 et
506 460 836 534 genituram
870 477 998 516 esse
1054 459 1367 532 signiticet,
1419 476 1546 531 qum
1605 476 1721 513 una
1779 474 1908 514 cum
1968 460 2158 526 snaA
2189 457 2344 512 modi
2378 457 2715 529 praescripto
2749 458 3033 515 immunis
3091 476 3248 516 nunc
3304 476 3472 516 suam
3520 461 3716 532 ipsius
3750 477 3847 517 es-

422 552 612 624 ipsius
643 550 903 606 essentia
956 566 1193 604 causam
1253 549 1528 617 involvat,
1591 556 1741 604 certe
1809 547 2080 619 genitura

428 641 740 696 essentiam
798 641 1055 706 denotat,
1109 656 1222 694 non
1279 639 1568 708 habitum,
1631 653 1765 692 cum
1820 637 2080 707 ingenita

433 738 640 788 natura
670 731 815 786 nihil
847 735 903 785 et
933 731 1046 801 ipsi
1071 729 1400 785 contulerit.
1461 729 1566 792 Qui
1637 727 1760 782 ﬁeri
1809 743 1945 798 ergo
1977 743 2078 798 po-

429 825 564 887 test,
599 825 663 875 ut
695 819 958 892 ingenita
990 825 1198 874 natura
1231 836 1343 874 non
1406 818 1480 872 sit
1537 818 1813 887 essentia,
1841 817 1937 872 sed
1980 815 2080 870 ha-

427 909 588 968 bitus
608 909 636 964 ?

498 1001 588 1054 23.
623 999 681 1055 Si
715 999 908 1056 omnis
963 998 1219 1054 essentia
1275 997 1534 1068 ingenita
1588 1001 1693 1066 est,
1753 995 1944 1066 qualis
1991 998 2082 1049 est

426 1090 524 1145 Det
559 1088 996 1160 omnipotentis,
1031 1089 1128 1158 qui
1187 1087 1308 1142 lieri
1373 1090 1575 1158 possit,
1609 1092 1672 1140 ut
1729 1085 1902 1140 aliatn
1949 1101 2078 1154 pas-

427 1179 577 1235 sioni
606 1178 940 1242 obnoxiam,
977 1178 1150 1232 aliam
1183 1193 1315 1231 vero
1355 1194 1387 1230 a
1442 1176 1709 1247 passione
1754 1175 2078 1230 immunem

427 1267 562 1338 quis
597 1272 822 1322 asserat
853 1265 879 1320 ?
906 1266 1031 1320 Jzim
1062 1266 1109 1319 si
1144 1265 1533 1336 ingenitarum
1570 1270 1787 1319 natura:
1831 1261 2078 1316 functio-

426 1372 565 1410 num
599 1355 782 1410 altera
807 1355 1046 1425 quidem
1095 1356 1371 1424 perdurat
1421 1353 1492 1408 ab
1551 1353 1708 1408 omni
1754 1352 2080 1424 quantitate

427 1449 485 1499 et
513 1444 813 1516 qualitate,
851 1443 922 1498 ab
953 1443 1113 1498 omni
1160 1443 1414 1512 denique
1472 1442 1800 1497 mutatione
1854 1440 2082 1495 immu-

432 1535 525 1589 nis
559 1551 571 1588 :
599 1533 839 1589 alteram
873 1549 1006 1588 vero
1043 1531 1574 1603 perturbationibus
1621 1529 1956 1600 obnoxiam,
1989 1546 2084 1584 ne-

431 1639 528 1678 mo
559 1627 648 1678 est
683 1623 780 1693 qui
823 1625 995 1693 neget
1046 1619 1399 1675 immutabili
1450 1621 1705 1674 essentia
1752 1619 2078 1690 praeditam,

430 1716 740 1784 propterea
796 1711 949 1780 quod
1009 1713 1301 1764 amantem
1360 1707 1512 1762 ultro
1571 1705 1844 1778 pelliciat,
1905 1710 1970 1760 ut
2017 1722 2084 1761 ex

2185 546 2432 601 sentiam
2466 547 2783 602 secundum
2819 548 2874 602 in
2906 565 2968 603 re
2998 549 3193 620 genita
3257 548 3469 617 videat,
3533 568 3696 606 nunc
3739 569 3851 605 au—

2183 640 2301 690 tem
2337 636 2589 706 primam
2622 638 2679 691 in
2714 637 2992 708 ingenito,
3056 643 3226 710 prout
3286 639 3459 710 primi
3502 645 3559 694 et
3591 642 3852 696 secundi

2184 725 2324 780 ordo
2357 741 2416 780 se
2449 725 2621 780 habet
2649 726 2676 780 ‘I

2256 815 2344 868 33.
2380 815 2440 870 Si
2472 819 2622 870 beus
2653 815 2912 887 ingenita
2941 821 3154 872 natura
3186 824 3543 890 perseverat,
3602 820 3698 875 sui
3760 821 3853 891 ip-

2188 903 2332 969 sius,
2369 903 2592 958 ratione
2647 906 2825 976 geniti
2882 904 2969 960 vel
3030 906 3301 977 ingeniti,
3334 908 3585 977 cognitio
3640 911 3854 980 procul

2187 991 2508 1063 ablegetur.
2544 993 2650 1059 Qui
2683 993 2834 1049 enim
2869 998 3181 1050 essentiam
3212 1012 3379 1050 suam
3409 996 3465 1050 in
3526 1015 3586 1053 re
3647 1003 3853 1070 genita

2194 1087 2250 1135 et
2283 1082 2540 1152 ingenita
2573 1083 2916 1154 protendere
2947 1085 3322 1149 concesserit,
3346 1086 3397 1140 is
3423 1103 3532 1141 non
3558 1088 3852 1142 animad-

2185 1173 2360 1226 vertit
2389 1189 2450 1226 se
2479 1189 2646 1228 suam
2683 1173 2870 1244 ipsius
2901 1174 3215 1229 essentiam
3275 1176 3458 1246 geniti
3508 1183 3564 1231 et
3586 1179 3847 1250 ingeniti

2187 1260 2417 1331 legibus
2449 1263 2755 1331 subjicere.
2789 1263 2951 1326 Quod
2985 1265 3032 1318 si
3068 1265 3332 1334 genitum
3395 1283 3529 1321 cum
3591 1269 3852 1338 ingeniti

2190 1355 2397 1404 natura
2430 1351 2752 1422 participet,
2785 1358 3055 1408 caeterum
3101 1354 3254 1408 intra
3310 1356 3486 1424 geniti
3549 1357 3852 1413 cancellos

2191 1439 2321 1494 sine
2352 1439 2788 1509 intermissione
2819 1443 3114 1513 perduret,
3163 1459 3278 1513 qua
3337 1445 3511 1499 unica
3561 1446 3855 1516 prmditus

2194 1535 2283 1584 est
2312 1536 2541 1597 natura,
2575 1535 2699 1585 tum
2733 1532 2970 1586 demum
2997 1533 3257 1603 seipsum
3311 1538 3636 1605 cognoscit,
3673 1537 3859 1590 nimi-

2189 1635 2319 1672 rum
2351 1618 2631 1689 ignorans
2663 1619 3008 1690 ingenitum.
3042 1620 3154 1675 Nec
3188 1621 3343 1675 enim
3378 1622 3502 1677 fieri
3535 1629 3753 1692 potest,
3792 1629 3861 1679 ut

2188 1707 2343 1762 idem
2372 1707 2544 1763 homo
2579 1708 2670 1763 sui
2705 1709 2892 1780 ipsius
2923 1709 3317 1781 ingenitaque
3350 1712 3492 1766 adeo
3539 1719 3710 1783 atque
3746 1731 3855 1785 ge-

431 1799 725 1873 prazdictis
757 1802 935 1871 patet.
968 1798 1104 1853 Inde
1137 1799 1517 1869 consequitur
1576 1795 1732 1850 haud
1788 1795 1984 1886 dubie,
2021 1800 2081 1850 ut
2110 1821 2157 1886 B
2191 1799 2322 1851 nitar
2349 1797 2613 1852 essentire
2672 1799 3065 1869 cognitionem
3127 1799 3534 1872 indipiscatur.
3595 1806 3765 1868 Quod
3803 1803 3856 1858 si

430 1909 494 1948 ea
527 1908 652 1962 quis
703 1890 1001 1954 immutat,
1061 1887 1322 1959 ingenita
1381 1887 1628 1954 dicatur,
1681 1885 1877 1958 genita
1923 1903 2078 1952 vero,

430 1998 556 2055 quae
590 1980 958 2034 immutatur.

499 2070 592 2124 24.
627 2068 684 2124 Si
717 2072 930 2123 natura
963 2066 1220 2136 ingenita
1272 2065 1349 2120 sit
1407 2065 1613 2136 genitae
1668 2081 1863 2135 causa,
1915 2065 2082 2137 inge-

431 2160 620 2216 nitum
655 2163 851 2215 autem
885 2157 1029 2213 nihil
1063 2157 1160 2225 sit,
1195 2156 1296 2228 qui
1331 2155 1450 2211 ﬁeri
1484 2159 1692 2228 potest,
1726 2159 1790 2211 ut
1831 2155 2080 2210 nihilum

433 2266 608 2312 causa
637 2248 715 2304 sit
745 2249 872 2318 ejus
905 2247 1059 2318 quod
1093 2250 1182 2301 est
1211 2245 1239 2299 ‘I

503 2340 594 2404 25,
625 2339 680 2392 Si
715 2336 1032 2408 ingenitum
1062 2335 1306 2406 privatio
1339 2337 1448 2402 est,
1483 2333 1726 2406 privatio
1785 2339 1977 2390 autem
2018 2351 2086 2390 ea

436 2432 547 2496 est,
579 2443 696 2497 qua
724 2424 986 2494 rejicitur
1018 2423 1251 2478 habitus
1291 2439 1304 2478 :
1335 2428 1607 2478 cisterum
1648 2424 1884 2493 rejectio
1917 2441 2084 2495 pror-

437 2536 541 2574 sus
572 2516 932 2585 dissolvitur,
965 2521 1069 2572 aut
1097 2515 1306 2571 transit
1342 2515 1397 2570 in
1431 2514 1612 2583 aliud,
1647 2516 1742 2584 qui
1804 2516 1924 2571 ﬁeri
1983 2533 2084 2588 po-

440 2612 577 2676 test,
610 2613 675 2664 ut
707 2607 779 2662 ab
807 2606 1008 2662 habitu
1054 2605 1360 2661 transitivo
1415 2609 1517 2660 aut
1573 2605 1917 2662 dissolutivo
1983 2605 2085 2660 Dei

438 2697 691 2755 essentia
719 2695 966 2768 ingeniti
1000 2694 1386 2766 appellatione
1418 2693 1818 2749 denominetur
1837 2694 1863 2748 ?

504 2788 596 2845 26.
626 2787 686 2842 Si
721 2783 964 2857 ingeniti
1009 2783 1291 2839 vocabulo
1350 2784 1598 2856 privatio
1656 2783 2084 2850 denominetur,

435 2894 560 2950 qua:
593 2876 652 2931 in
686 2876 867 2931 Deum
904 2890 1018 2929 non
1051 2873 1360 2944 cadit,quo
1381 2889 1555 2928 sensu
1581 2872 1902 2943 ingenitum
1927 2888 2083 2939 eum,

434 2984 551 3021 non
585 2971 778 3022 autem
807 2966 1068 3036 genitum
1098 2964 1349 3019 dicimus
1369 2963 1396 3018 ?

507 3055 598 3112 27.
632 3053 689 3108 Si
743 3053 1073 3124 ingenitum
1132 3054 1191 3109 in
1246 3057 1360 3108 Deo
1415 3053 1639 3108 nudum
1703 3068 1917 3108 nomen
1977 3056 2084 3118 est,

2189 1887 2516 1958 ingenitum
2551 1887 2841 1956 abjectum
2874 1893 2984 1956 est,
3017 1893 3073 1943 et
3103 1889 3479 1960 despicabile,
3528 1893 3670 1963 quia
3723 1909 3856 1946 mu-

2188 1977 2392 2031 tationi
2426 1978 3136 2049 peraccommodum,inde
3168 1984 3323 2034 certe
3356 1981 3761 2053 consequitur,
3787 1988 3850 2036 ut

2189 2070 2408 2121 naturae
2440 2068 2774 2137 praestantia
2803 2067 2863 2123 in
2895 2069 3149 2123 essentia
3208 2068 3558 2125 immutabili
3611 2073 3850 2127 consis-

2188 2159 2293 2223 tat,
2325 2172 2456 2210 cum
2483 2158 2808 2227 praesertim
2873 2159 2930 2212 in
2993 2159 3266 2213 confesso
3294 2159 3366 2213 sit
3395 2162 3708 2216 essentiam
3744 2163 3807 2216 in
3827 2191 3851 2202 ο

2189 2245 2444 2316 genitam
2477 2262 2655 2300 causa
2687 2246 2890 2317 quavis
2922 2246 3386 2303 excellentiorem
3415 2265 3555 2305 esse.

2262 2335 2352 2390 34.
2382 2336 2439 2390 Si
2471 2336 2542 2390 ab
2585 2335 2745 2389 omni
2805 2341 3098 2406 potestate
3156 2337 3476 2404 ingenitum
3531 2339 3855 2404 eximatur,

2198 2423 2385 2479 multa
2417 2428 2611 2478 autem
2642 2423 2903 2495 ingenita
2934 2425 3076 2489 sint,
3128 2432 3284 2481 certe
3332 2427 3724 2482 immutabilis
3755 2444 3864 2483 eo-

2195 2530 2325 2568 rum
2360 2518 2568 2568 natura
2598 2512 2677 2568 sit
2708 2517 2971 2584 oportet:
3007 2529 3113 2568 nec
3144 2515 3297 2569 enim
3358 2516 3696 2586 cujuspiam
3743 2534 3859 2571 na-

2194 2601 2401 2658 turalis
2435 2600 2724 2656 facultatis
2756 2603 3092 2658 communis
3115 2608 3217 2657 aut
3235 2604 3471 2674 privatae
3493 2604 3863 2661 adminiculo

2195 2693 2378 2747 altera
2411 2692 2646 2763 quidem
2681 2693 2951 2762 iaciebat,
2986 2695 3170 2748 altera
3201 2710 3332 2750 vero
3366 2695 3562 2750 fiebat.

2264 2783 2352 2836 35.
2381 2783 2438 2836 Si
2470 2782 2662 2838 omnis
2694 2783 2953 2838 essentia
2983 2783 3247 2853 ingenita
3276 2789 3384 2851 est,
3441 2791 3601 2840 certe
3661 2788 3857 2842 omnis

2194 2871 2455 2942 ingenita
2483 2875 2587 2939 est,
2621 2873 2812 2927 omnis
2844 2872 3348 2927 estimmutabilis.
3381 2873 3510 2928 Jam
3564 2874 3617 2930 si
3657 2893 3857 2931 essen-

2194 2961 2339 3016 tiam
2371 2976 2500 3016 esse
2530 2960 2957 3016 immutabilem
2990 2963 3406 3027 concedamus,
3435 2964 3588 3019 actio
3651 2965 3857 3036 utique

2201 3055 2256 3106 et
2281 3049 2476 3122 passio
2509 3049 2669 3105 casui
2694 3053 2752 3105 et
2777 3051 3086 3105 temeritati
3118 3051 3514 3107 ascrihentur.
3566 3053 3852 3109 Caeterum

435 3145 596 3202 nuda
637 3159 804 3216 porro
843 3147 899 3199 et
953 3141 1203 3215 simplex
1262 3141 1508 3212 prolatio
1560 3141 1924 3214 hypostasim
1982 3141 2083 3197 Dei
2125 3164 2168 3231 ρ
2199 3155 2334 3193 cum
2379 3137 2564 3193 multa
2612 3137 2742 3231 sint
2798 3139 3057 3208 ingenita
3113 3144 3169 3195 et
3221 3140 3646 3206 immutabilis,
3697 3149 3853 3197 tanto

438 3253 621 3306 supra
653 3250 745 3290 res
775 3247 980 3289 omnes
1002 3234 1228 3304 genitas
1285 3232 1527 3299 extollit,
1576 3231 1882 3287 hominum
1930 3236 2084 3287 certe

439 3325 686 3394 prolatio
731 3323 833 3378 Dei
892 3322 1310 3392 omnipotentis
1367 3321 1668 3392 hypostasi
1726 3322 2089 3390 praestantior

443 3416 552 3479 est,
582 3426 649 3464 ea
679 3410 1141 3480 omnipotentem
1173 3411 1456 3480 dignitate
1514 3411 1927 3481 condecorans,
1961 3427 2089 3483 qua:

443 3517 574 3557 cum
607 3497 768 3554 nulla
798 3497 910 3552 alia
939 3496 1188 3551 conferri
1219 3501 1411 3567 queat.

511 3592 599 3645 28.
628 3589 684 3643 Si
716 3585 972 3658 ingenito
1006 3585 1174 3655 cujus
1203 3601 1380 3640 causa
1409 3602 1517 3640 sua
1573 3586 1794 3642 tributa
1846 3592 1952 3650 est.
1987 3607 2089 3644 na-

443 3684 570 3736 tura
605 3683 799 3733 autem
843 3693 970 3748 qua:
1029 3691 1063 3730 a
1113 3673 1272 3729 nulla
1330 3691 1507 3730 causa
1555 3677 1856 3745 processit,
1915 3694 2092 3733 causa

437 3777 617 3838 caret,
651 3784 717 3824 eo
750 3768 836 3831 fit,
871 3769 936 3820 ut
965 3765 1290 3836 ingenitum
1326 3781 1440 3819 non
1474 3780 1710 3822 causam
1747 3769 1847 3822 sed
1907 3768 2089 3840 hypo.

438 3858 645 3915 stasim
683 3855 996 3928 signiﬁcet.

509 3947 598 4002 29.
636 3945 693 4000 Si
726 3943 1014 4016 quidquid
1051 3943 1265 3998 factum
1299 3947 1408 4010 est,
1445 3943 1516 3996 ah
1549 3943 1661 4000 alio
1726 3945 1938 4000 factum
1982 3951 2089 4015 est,

442 4036 699 4104 ingenita
731 4050 862 4089 vero
894 4031 1226 4103 hypostasis
1268 4049 1371 4087 nec
1397 4050 1430 4087 a
1453 4035 1666 4103 seipse,
1723 4051 1827 4089 nec
1871 4038 1940 4090 ab
1982 4035 2094 4091 alia

443 4127 594 4180 facta
617 4127 724 4191 est,
755 4122 889 4176 inde
923 4122 1252 4176 necessario
1280 4123 1679 4192 consequitur,
1727 4129 1792 4177 ut
1850 4125 2092 4196 ingeniti

445 4214 679 4272 nomine
711 4214 1017 4268 denotetur
1047 4212 1317 4267 essentia.

517 4305 604 4358 30.
637 4302 693 4357 Si
727 4301 986 4373 ingenita
1044 4300 1379 4372 hypostasis
1438 4317 1556 4357 una
1613 4317 1742 4356 cum
1793 4303 1974 4375 geniti
2013 4321 2095 4360 es-

444 4393 633 4451 sentia
659 4397 940 4462 tanquam
970 4407 1146 4445 causa
1175 4389 1486 4459 elucescat,
1511 4407 1634 4462 quas
1663 4391 1826 4448 nulla
1853 4410 2093 4465 prorsus

444 4500 620 4540 causa
651 4480 949 4536 immutari
987 4478 1192 4550 possit,
1225 4495 1290 4534 eo
1321 4479 1406 4544 ﬁt,
1465 4485 1529 4534 ut
1584 4480 1712 4550 ipsa
1771 4498 1872 4553 per
1914 4500 1974 4538 se
2003 4499 2091 4538 es-

2200 3227 2312 3283 alia
2344 3227 2415 3282 ab
2449 3227 2577 3282 aliis
2610 3226 2913 3282 intervallo
2954 3229 3370 3299 sejunguntur.
3432 3235 3498 3284 ut
3560 3233 3851 3286 numerari

2201 3335 2316 3374 non
2350 3317 2599 3389 possint.
2633 3321 2748 3373 Nec
2808 3319 2964 3373 enim
3025 3319 3150 3373 fieri
3210 3325 3419 3389 potest,
3479 3326 3547 3376 ut
3601 3339 3692 3377 res
3727 3339 3857 3378 ase

2202 3409 2481 3463 distantes
2503 3408 2828 3464 enumerari
2849 3412 3102 3479 queant:
3139 3424 3274 3464 cum
3301 3413 3625 3480 praesertim
3665 3413 3857 3468 omnis

2201 3499 2485 3555 distantia
2519 3497 2714 3553 nescio
2746 3514 2925 3570 quam
2959 3497 3230 3568 ingenitas
3264 3506 3486 3555 natura:
3548 3503 3856 3573 disjuncta

2201 3589 2560 3643 iunctionem
2588 3585 2708 3642 sive
2728 3587 2783 3641 in
2809 3587 3146 3642 universum
3170 3588 3364 3643 sivein
3394 3594 3556 3661 parte
3596 3593 3857 3647 denotet.

2272 3677 2362 3733 36.
2395 3677 2453 3731 Si
2488 3675 2784 3746 ingenitus
2812 3681 2868 3730 et
2894 3675 3048 3731 Deus
3106 3677 3355 3746 quadam
3408 3679 3857 3748 significationis

2202 3764 2586 3820 correlatione
2645 3764 2799 3819 idem
2859 3763 3211 3834 signiﬁcent,
3272 3765 3559 3836 ingenitus
3640 3767 3850 3836 procul

2203 3854 2380 3909 dubio
2411 3852 2610 3925 genuit
2642 3853 2990 3925 ingenitum.
3022 3854 3185 3918 Quod
3220 3853 3271 3908 si
3313 3854 3459 3908 aliud
3513 3854 3844 3925 ingenitus,

2204 3942 2359 3997 aliud
2396 3947 2543 3997 Deus
2575 3941 2882 4013 signiticet,
2942 3959 3056 3997 non
3089 3942 3408 3997 absurdum
3438 3942 3537 4005 sit,
3564 3947 3633 3996 ut.
3691 3945 3855 3999 Deus

2204 4032 2384 4087 Deum
2418 4031 2704 4102 genuerit,
2739 4031 2820 4086 ita
2852 4035 2915 4085 ut
2945 4032 3015 4086 ab
3075 4031 3334 4101 ingenita
3387 4033 3643 4087 essentia
3703 4043 3865 4088 uter-

2204 4137 2316 4191 que
2348 4119 2522 4174 vitam
2554 4120 2862 4191 acceperit.
2895 4120 3056 4184 Quod
3117 4120 3166 4175 si
3227 4120 3341 4175 Deo
3376 4120 3682 4192 antiquius
3719 4125 3865 4179 nihil

2204 4217 2312 4281 est,
2346 4217 2409 4265 ut
2439 4215 2592 4265 certe
2623 4211 2768 4265 nihil
2800 4216 2906 4276 est,
2929 4227 2994 4266 eo
3037 4213 3122 4277 lit,
3153 4215 3219 4266 ut
3249 4217 3398 4268 Deus
3448 4218 3506 4267 et
3559 4213 3868 4285 ingenitus

2206 4303 2358 4357 idem
2390 4302 2742 4374 significent,
2799 4303 2878 4356 ita
2944 4307 3010 4356 ut
3063 4303 3324 4374 genitum
3388 4305 3640 4375 ingeniti
3689 4325 3869 4379 capax

2206 4393 2447 4448 minime
2478 4393 2574 4448 sit.
2609 4393 2797 4456 Quare
2830 4393 2954 4448 ﬁeri
2989 4409 3102 4448 non
3139 4397 3348 4465 potest,
3381 4400 3446 4450 ut
3477 4397 3691 4453 eadem
3726 4417 3866 4455 voce

2203 4498 2337 4538 cum
2372 4481 2534 4536 Patre
2565 4497 2670 4536 suo
2696 4481 2926 4552 genitus
2959 4486 3316 4538 enuntietur.

446 4530 620 4540 ν--ν-
652 4530 949 4536 ---πη-μμ
1230 4530 1284 4534 --
1472 4530 1527 4534 --
1586 4530 1712 4550 τη
1771 4530 1862 4553 ..--
1914 4530 1974 4538 νυ
2005 4530 2061 4538 η
2207 4530 2337 4538 τμη
2372 4530 2530 4536 -----
2565 4530 2665 4536 ην
2696 4530 2925 4552 οη----
2963 4530 3316 4538 -----------.

444 4572 633 4630 sentin
665 4572 742 4626 sit
772 4567 1273 4638 incomparabilis;
1306 4584 1432 4638 qua:
1464 4567 2091 4640 incomparabilitatem
2126 4530 2168 4594 θ
2279 4571 2430 4626 Deus
2461 4570 2557 4640 qui
2590 4586 2693 4641 per
2750 4587 2810 4625 se
2855 4572 3088 4641 genitus
3145 4577 3254 4638 est,
3312 4589 3608 4646 quemque
3667 4578 3862 4634 solum

443 4663 635 4732 ipsum
667 4674 781 4712 non
811 4657 1171 4710 extrinsecus
1229 4658 1519 4723 ostendat,
1578 4659 1680 4712 sed
1739 4658 1867 4728 ipsa
1899 4677 1998 4731 per
2031 4677 2094 4716 se

447 4743 924 4818 iucomparabilis
999 4747 1058 4799 et
1113 4743 1411 4800 inaccessa
1462 4745 1558 4812 sit,
1622 4748 2093 4820 quandoquidem

445 4836 706 4910 ingenita
735 4842 842 4890 est.

519 4929 610 4981 3|.
642 4925 699 4980 Si
731 4925 885 4981 Deus
910 4924 1285 4995 omnipotens
1317 4924 1522 4994 quavis
1563 4929 1770 4981 natura
1826 4932 2101 4997 praeten-

447 5022 563 5079 tior
592 5024 704 5080 est,
734 5016 791 5071 id
827 5013 1049 5070 ratione
1079 5013 1322 5085 ingeniti
1345 5015 1742 5086 consequitur,
1784 5018 1938 5088 quod
1972 5020 2097 5088 qui-

449 5111 582 5166 dem
614 5104 846 5178 genitis,
882 5107 945 5157 ut
975 5106 1370 5174 permaneant,
1405 5102 1462 5156 in
1497 5119 1674 5158 causa
1704 5110 1811 5162 est.

517 5199 609 5253 32.
641 5195 695 5249 Si
730 5192 1060 5263 ingenitum
1095 5190 1410 5244 essentiam
1461 5207 1575 5245 non
1634 5191 1944 5265 signiticet,
1986 5212 2101 5266 qua

448 5288 696 5352 ratione,
729 5297 950 5353 quazso,
981 5278 1312 5350 genitorum
1347 5283 1556 5334 natura
1589 5280 1646 5334 in
1706 5281 1930 5355 integro
1970 5301 2101 5339 con-

450 5374 777 5429 servabitur
797 5371 823 5425 Ἰ

522 5461 578 5512 Si
608 5475 806 5514 eorum
836 5475 966 5528 quas
995 5456 1266 5511 videntur
1297 5455 1440 5511 nihil
1499 5457 1690 5528 seipso
1749 5461 1957 5515 virtute
2005 5478 2098 5517 se-

459 5547 659 5602 minali
683 5549 1102 5614 antiquiusest,
1138 5547 1235 5600 sed
1272 5546 1424 5600 intra
1473 5549 1842 5619 praescriptos
1877 5557 2096 5608 natura)

461 5633 679 5689 limites
711 5637 929 5700 manet,
959 5635 1057 5702 qui
1087 5635 1170 5702 ﬁt,
1188 5639 1250 5689 ut
1297 5634 1591 5705 ingenitus
1622 5637 1773 5695 Deus
1796 5643 1865 5694 ab
1899 5639 2099 5712 hujus-

2208 4677 2406 4716 verum
2445 4660 2622 4714 Deum
2655 4659 2674 4679 ⁶
2705 4659 2918 4715 idcirco
2953 4659 3170 4716 missus
3193 4662 3264 4716 ab
3295 4677 3362 4716 eo
3391 4662 3568 4719 Jesus
3585 4664 3862 4723 Christus

2208 4756 2341 4806 ante
2371 4751 2579 4804 saecula
2609 4764 2739 4804 vere
2796 4749 3146 4820 subsistens,
3205 4750 3516 4822 genitaque
3576 4758 3862 4825 praeditus

2209 4838 2660 4910 hypostasi,vos
2691 4853 2895 4894 omnes
2927 4839 3118 4894 salvos
3164 4844 3222 4893 et
3277 4839 3468 4896 salvas
3529 4843 3605 4897 ab
3669 4845 3867 4916 impie-

2211 4932 2330 4982 tate
2359 4927 2759 4993 conservet,in
2799 4925 3028 4982 Christo
3085 4926 3222 4982 Jesu
3282 4927 3581 4984 Salvatore
3644 4941 3868 4998 nostro,

2213 5033 2316 5088 per
2345 5031 2518 5086 quem
2551 5014 2625 5070 sit
2655 5016 2848 5070 omnis
2878 5014 3065 5086 gloria
3113 5015 3270 5071 Patri
3326 5021 3385 5071 et
3441 5017 3581 5085 Deo,
3625 5037 3790 5077 nunc
3820 5030 3871 5078 et

2213 5120 2463 5176 semper,
2496 5108 2553 5160 et
2584 5103 2643 5158 in
2675 5103 2888 5159 saecula
2919 5104 3290 5160 saeculorum.

2867 5210 3021 5266 CAP.
3085 5212 3194 5266 XL.

2223 5300 2477 5381 Ejusdem
2511 5300 3034 5381 {ilicem-Ciminiam
3066 5304 3123 5354 in
3164 5302 3530 5381 praecedentia
3585 5308 3870 5380 Epilogus,

2285 5379 2445 5443 atque
2502 5374 2764 5448 Praefatio
2821 5374 2880 5448 in
2937 5388 3059 5427 eam
3107 5389 3273 5442 quam
3329 5375 3595 5431 adversus
3635 5374 3865 5448 'Arz'im,

2280 5447 2492 5500 Aetium
2525 5455 2573 5499 et
2604 5443 2937 5499 Eunomium
2964 5451 3125 5515 parat
3156 5448 3616 5518 con/uiaticum.

2286 5558 2416 5608 Haec
2448 5557 2536 5608 est
2567 5551 2664 5606 illa
2695 5552 3010 5624 impietatis
3071 5551 3291 5622 planta,
3343 5571 3468 5625 qua:
3531 5557 3755 5630 triplici
3791 5579 3868 5616 ra-

2211 5644 2336 5699 dice
2365 5641 2755 5698 innititurzhi
2808 5644 2946 5698 sunt
2987 5639 3286 5697 Christum
3320 5642 3861 5716 blasphemanu‘um
