4090 6192
309 339 463 400 1401

1655 333 2061 397 THESAURI
2103 335 2257 395 LIB.
2303 335 2379 396 ν.

3564 342 3721 403 1402

312 470 664 543 eoiophones
700 485 712 525 :
751 467 806 523 lii
839 471 999 536 sunt,
1033 467 1128 540 qui
1161 467 1336 540 primi
1401 471 1612 525 sancite
1655 467 1959 524 Trinitatis
1991 469 2043 534 Α
2078 475 2357 524 strarunt.
2396 471 2487 523 Ait
2543 470 2697 525 enim
2757 470 2853 527 ille
2888 487 2900 525 :
2964 473 3074 540 Qui
3128 472 3274 528 videt
3329 490 3433 540 me,
3469 476 3615 532 videt
3669 487 3723 532 et

314 562 485 618 variae
518 561 576 614 in
609 559 915 630 opiniones
945 564 1004 613 et
1065 559 1351 614 essentias
1409 559 1820 614 dissectionem
1876 560 1966 613 in-

317 653 627 714 severunt;
665 647 723 701 hi
765 646 1014 718 denique
1047 653 1202 712 sunt,
1235 648 1331 718 qui
1385 648 1606 702 zizania
1647 647 1965 719 purissimo

320 740 553 812 pietatis
605 736 794 792 tritico
851 738 1400 808 superseminarunt
1455 742 1511 792 et
1566 737 1962 804 excoluerunt,

318 846 444 900 qua:
477 829 712 899 quidem
754 828 926 882 Arius
983 826 1286 898 plantavit,
1340 827 1537 882 Aetius
1592 828 1820 898 rigavit,
1863 827 1967 882 Eu-

315 918 550 974 nomius
586 917 1135 987 adauxitzquorum
1182 917 1404 972 fructus
1453 922 1560 985 est,
1593 918 1963 973 utcreaturis

310 1009 545 1064 Creator
566 1009 960 1073 accenseatur,
993 1010 1048 1060 et
1102 1005 1284 1061 Filius
1338 1006 1566 1076 quidem
1619 1023 1651 1060 a
1685 1006 1962 1060 substan-

309 1095 390 1150 tia
425 1095 611 1150 Patris
643 1093 946 1161 alienatur,
979 1093 1050 1147 ab
1082 1109 1264 1164 eoque
1296 1093 1546 1163 Spiritus
1607 1094 1960 1164 quibusdam

310 1184 478 1257 quasi
507 1184 784 1254 gradibus
815 1184 1060 1238 differat.
1099 1183 1377 1237 Caeterum
1441 1183 1498 1237 hi
1559 1184 1797 1253 quidem
1845 1185 1959 1238 fru-

309 1284 430 1330 stra
475 1285 526 1328 et
593 1280 809 1328 temere
869 1278 1071 1327 contra
1123 1273 1412 1327 Christum
1476 1274 1865 1338 fremuerunt,
1906 1283 1959 1328 et

309 1364 610 1434 opiniones
632 1362 840 1432 impias
863 1362 918 1415 in
945 1360 1176 1429 cmlum,
1211 1361 1317 1417 hoc
1344 1368 1432 1417 est
1454 1361 1779 1418 divinitatis
1827 1363 1957 1431 ejus

313 1453 676 1507 altitudinem
707 1456 910 1506 contra
939 1467 1118 1520 quam
1154 1467 1257 1521 par
1287 1460 1407 1505 erat
1455 1450 1731 1520 ejaculati
1792 1457 1954 1520 sunt,

312 1543 528 1613 lingua
559 1540 748 1596 instar
771 1538 927 1594 nervi
959 1557 1133 1594 arcus
1160 1540 1382 1595 intenta
1415 1557 1428 1595 :
1466 1539 1562 1594 ille
1618 1556 1750 1595 vero
1793 1545 1958 1595 extra

311 1631 409 1686 teli
433 1634 661 1700 jactum
697 1630 1460 1700 manens(quandoquidem
1477 1629 1799 1684 divinitatis
1828 1630 1954 1699 ejus

309 1719 649 1776 excellentia
679 1718 852 1774 cmlos
876 1719 1253 1788 transcendit)
1307 1720 1525 1788 majore
1568 1719 1730 1788 juxta
1763 1722 1819 1772 et
1849 1735 1954 1772 au-

307 1813 560 1882 gustiore
591 1811 773 1882 gloria
830 1809 1216 1881 resplenduit,
1277 1825 1478 1864 eorum
1537 1825 1709 1863 arcus
1753 1813 1949 1862 conte—
1981 1841 2029 1905 B

305 1906 525 1962 rens,et
545 1900 912 1969 confringens
935 1916 1118 1967 arma,
1141 1904 1196 1954 et
1217 1904 1384 1953 scuta
1412 1898 1762 1952 comburens
1804 1896 1949 1968 igni-

307 1987 453 2042 tae"
485 1989 718 2043 Patrum
777 1988 1082 2060 theologiae
1169 1986 1574 2055 adminiculo;
1637 1991 1829 2058 atque,
1888 1989 1952 2041 ut

309 2077 388 2132 ita
411 2078 624 2145 dicam,
654 2077 960 2133 faeculenta
988 2093 1190 2133 eorum
1220 2077 1399 2132 verba
1429 2076 1750 2132 exsiccans.

380 2166 522 2230 Quid
557 2167 710 2221 enim
743 2168 883 2234 Arii,
911 2168 1078 2233 Aetii,
1109 2171 1168 2222 et
1205 2167 1469 2221 Eunomii
1529 2166 1821 2237 dogmatis
1855 2166 1953 2221 fae-

311 2256 599 2312 culentius
631 2261 739 2323 est,
773 2274 898 2326 qua:
931 2258 1169 2326 quidem
1203 2262 1324 2311 tum
1359 2256 1416 2310 in
1474 2255 1722 2310 historia
1778 2255 1848 2310 de
1879 2254 1952 2311 iis

304 2345 642 2400 elucubrata
673 2344 1246 2416 comprehendimus,
1280 2349 1404 2398 tum
1466 2343 1782 2398 dilucidius
1821 2361 1948 2399 ora-

312 2435 467 2489 tione
507 2435 772 2506 sequenti
808 2433 1273 2504 cxplanabimus,
1332 2434 1415 2486 eis
1464 2432 1756 2487 contraria
1814 2433 1952 2487 sub-

300 2521 642 2592 jungentes,
676 2528 738 2578 ut
768 2522 1002 2576 inanem
1037 2537 1240 2576 eorum
1272 2519 1684 2590 loquacitatem
1732 2519 1953 2576 refella-

311 2625 460 2678 mus,
488 2617 544 2665 et
577 2628 645 2665 ne
678 2611 809 2681 quis
842 2610 900 2664 in
933 2626 1000 2664 ea
1029 2610 1336 2681 impingat,
1370 2627 1498 2680 quae
1556 2609 1651 2664 isti
1706 2609 1832 2665 sine
1863 2627 1953 2664 ra-

307 2703 462 2757 tione
485 2708 542 2756 et
583 2703 871 2773 sapientia
929 2707 1130 2759 contra
1178 2702 1432 2756 Verbum
1493 2706 1550 2757 et
1605 2701 1951 2773 sapientiam

300 2790 714 2846 eti‘utiverunt?

957 2902 1108 2956 CAP.
1144 2900 1293 2955 XLI.

307 3009 580 3071 Capitibus
611 3008 882 3062 haereseon
911 3008 1051 3069 Arii,
1086 3006 1348 3062 Eunomiz’
1403 3015 1454 3062 et
1505 3007 1647 3062 Aetii
1687 3007 1952 3077 expositis

369 3083 484 3206 {ialm
522 3079 595 3133 ad
652 3083 856 3134 seriam
898 3080 1210 3135 earumdem
1255 3083 1692 3150 eon/utationem
1750 3097 1946 3150 aggre-

409 3170 424 3206 ι
453 3169 538 3206 ar.

409 3169 538 3206 aur.

363 3259 693 3328 Objiciebat
722 3259 916 3326 Arius,
973 3263 1041 3315 ut
1097 3263 1153 3316 et
1207 3261 1335 3330 ejus
1391 3259 1626 3316 asseclaa
1663 3259 1865 3316 Aetius
1888 3263 1944 3314 et

301 3347 624 3403 Eunomius
658 3365 671 3404 ε
709 3348 832 3404 Non
865 3365 1094 3419 semper
1128 3353 1275 3403 Deus
1311 3349 1474 3404 Pater
1504 3349 1632 3417 fuit,
1682 3350 1784 3405 sed
1844 3349 1948 3404 fuit

300 3441 552 3507 tempus,
584 3455 699 3509 quo
729 3439 892 3493 Pater
920 3455 1035 3494 non
1067 3437 1192 3495 fuit.
1226 3441 1387 3502 Quod
1434 3440 1483 3494 si
1520 3439 1687 3494 Pater
1717 3453 1951 3508 semper

302 3531 357 3583 et
388 3528 458 3582 ab
492 3527 659 3582 initio
692 3543 805 3582 non
840 3528 1034 3597 fuerit,
1065 3545 1253 3599 neque
1277 3527 1456 3584 Filius
1505 3529 1576 3584 ab
1614 3529 1777 3583 initio
1810 3545 1947 3584 con-

301 3624 710 3687 temporaneus
738 3622 1176 3687 coaeternusque
1204 3618 1381 3682 Patri,
1414 3619 1512 3672 sed
1556 3623 1680 3673 tum
1713 3619 1947 3673 demum

299 3711 522 3778 postea.
559 3722 690 3760 cum
727 3707 836 3761 Deo
896 3723 995 3778 per
1046 3707 1258 3762 Filium
1313 3707 1572 3778 angelos,
1622 3712 1679 3762 et
1735 3725 1860 3770 nos,
1892 3712 1949 3763 et

299 3797 500 3852 omnia
531 3813 660 3867 quae
690 3801 829 3852 sunt
859 3796 918 3852 in
949 3797 1188 3866 mundo,
1223 3813 1417 3854 creare
1475 3797 1691 3869 placuit
1724 3815 1738 3856 :
1793 3804 1947 3855 certe

300 3893 563 3942 creatura
597 3886 724 3951 fuit,
767 3891 942 3957 atque
1003 3891 1257 3959 paternae
1317 3887 1660 3942 substantia:
1719 3904 1944 3958 expers.

306 3979 479 4028 Porro
529 3973 782 4028 Verbum
837 3976 1026 4028 dictus
1080 3982 1188 4040 est,
1245 3975 1468 4029 ratione
1523 3979 1946 4042 creaturarum,

306 4078 432 4134 quae
460 4066 594 4115 sunt
627 4061 866 4116 rationis
899 4062 1225 4131 participes,
1268 4061 1544 4114 nimirum
1605 4061 1946 4130 angelorum

304 4158 358 4209 et
404 4153 636 4217 nostri;
688 4150 987 4221 Sapientia
1036 4166 1190 4218 vero,
1249 4164 1443 4204 eorum
1501 4149 1742 4219 ratione,
1802 4166 1947 4220 quos

302 4241 632 4296 divinarum
666 4245 721 4296 et
754 4240 1141 4294 humanarum
1175 4254 1370 4293 rerum
1403 4237 1729 4310 cognitione
1766 4239 1948 4294 infor-

301 4333 522 4399 mavit;
556 4329 737 4385 Filius
769 4331 1019 4400 denique
1050 4333 1285 4400 propter
1314 4344 1436 4395 eos,
1495 4345 1642 4398 quos
1700 4329 1946 4400 adopta-

298 4421 401 4475 vit.

376 4510 442 4563 Et
474 4508 611 4580 quia
635 4507 888 4562 Verbum
948 4506 1106 4563 aliud
1165 4510 1272 4574 est,
1330 4507 1486 4578 quod
1547 4507 1703 4562 Patri
1749 4509 1944 4576 inest;

303 4601 456 4672 quod
489 4601 732 4655 insitum
765 4615 999 4672 quoque
1040 4598 1277 4666 dicitur,
1311 4600 1553 4670 ejusque
1605 4600 1946 4655 substantia:

303 4691 602 4761 proprium
629 4705 642 4744 :
675 4689 932 4760 itemque
964 4688 1143 4757 aliud,
1177 4689 1334 4760 quod
1365 4689 1424 4744 in
1455 4694 1668 4744 terram
1703 4690 1948 4745 descen-

303 4781 408 4846 dit,
442 4795 794 4850 carnemque
827 4778 1171 4850 assumpsit,
1205 4779 1359 4849 quod
1411 4783 1469 4834 et
1510 4779 1947 4850 participatione

297 4869 557 4926 Verbum
620 4869 745 4935 Dei,
797 4875 1066 4938 Deusque
1151 4868 1369 4922 dicitur
1426 4868 1946 4939 (quemadmodum

291 4958 437 5031 justi
460 4975 691 5029 quoque
716 4963 839 5013 tum
867 4958 965 5012 Dei
990 4956 1248 5025 ﬁlii,tum
1273 4957 1350 5011 dit
1375 4959 1693 5028 vocantur),
1729 4959 1946 5031 quippe

301 5049 456 5118 quod
490 5047 770 5102 mutabile
801 5051 1009 5101 natura
1031 5048 1126 5113 sit,
1161 5063 1266 5102 nec
1316 5047 1533 5102 Patrem
1583 5048 1795 5112 videat,
1839 5065 1944 5104 nec

299 5154 433 5193 eum
469 5137 616 5192 norit
649 5136 748 5208 qui
781 5135 1066 5208 principio
1121 5139 1298 5206 caret,
1357 5135 1571 5207 quippe
1629 5137 1783 5207 quod
1834 5139 1943 5194 sub

296 5225 650 5299 principium
683 5226 870 5281 cadat.

371 5317 745 5387 Perspicuum
776 5319 971 5370 autem
1032 5318 1121 5368 est
1176 5329 1274 5368 eos
1333 5316 1389 5367 et
1444 5312 1672 5368 Christo
1707 5312 1817 5385 ipsi
1850 5315 1946 5369 ad-

289 5405 615 5475 versari,et
647 5403 718 5458 iis
778 5403 878 5474 qui
939 5403 1132 5474 ipsum
1193 5402 1483 5468 viderunt,
1545 5401 1714 5474 eique
1772 5405 1944 5460 mini-

359 5548 405 5583 "
435 5546 586 5602 Psal.
622 5563 746 5616 va,
782 5547 866 5600 10.
946 5546 991 5581 ⁸ο
1016 5546 1181 5601 Joan.
1210 5562 1324 5609 xrv,
1357 5547 1411 5600 9.
1510 5547 1553 5582 “
1586 5547 1731 5602 Ibid.
1769 5548 1852 5602 10.

1957 5548 2006 5583 ⁴²
2035 5551 2204 5606 Joan.
2237 5568 2277 5616 ι,
2311 5551 2362 5606 4.

2076 561 2295 614 Patrem
2323 560 2386 614 ω.
2423 561 2561 614 Item
2599 577 2611 613 :
2641 563 2746 628 Ego
2779 563 2835 615 in
2871 565 3056 627 Patre,
3113 567 3162 616 et
3222 565 3383 618 Pater
3440 568 3498 618 in
3536 583 3622 620 me
3651 566 3718 636 4‘,

2075 649 2286 719 quibus
2342 650 2537 704 verbis
2593 651 2794 704 eadem
2856 650 3162 722 utriusque
3217 653 3546 708 substantia
3588 671 3716 725 per-

2074 739 2273 809 spicue
2304 739 2729 794 subindicatur.
2791 740 2858 794 Et
2915 741 3266 804 evangelista
3328 743 3580 798 Joannes
3614 761 3716 799 ex-

2073 829 2284 884 clamat
2318 845 2330 883 :
2364 831 2422 884 In
2454 830 2727 899 principio
2759 837 2877 884 erat
2942 831 3204 896 Verbum,
3245 837 3297 886 et
3335 833 3570 886 Verbum
3599 838 3717 888 erat

2069 921 2214 991 apud
2238 921 2426 986 Deum,
2457 923 2510 974 et
2543 924 2683 974 Deus
2710 923 2824 975 erat
2865 919 3094 975 Verbum
3126 921 3207 975 ‘3:
3272 937 3518 992 moxque
3563 922 3718 978 dicta

2071 1010 2428 1064 conﬁrmans
2460 1009 2781 1066 subinfert:
2815 1013 2910 1065 Hic
2961 1018 3088 1065 erat
3149 1011 3206 1065 in
3263 1014 3540 1082 principio
3571 1013 3716 1083 apud

2070 1099 2238 1153 Deum
2285 1099 2352 1166 ⁴³,
2385 1100 2503 1154 sive
2534 1101 2592 1154 in
2623 1101 2758 1158 Deo.
2794 1101 3166 1171 Ulteriusque
3229 1117 3572 1172 progressus
3612 1101 3717 1155 do-

2069 1193 2178 1255 cet,
2211 1189 2365 1259 quod
2411 1191 2734 1259 Um'gem'lus
2766 1191 2940 1256 illius,
2975 1192 3075 1260 qui
3110 1198 3189 1244 est
3245 1192 3305 1244 in
3357 1189 3488 1244 sinu
3531 1191 3717 1246 Patris

2068 1279 2183 1348 ipse
2238 1283 2519 1333 enarravit
2571 1279 2634 1332 ‘4.
2699 1279 2895 1349 Itaque
2949 1279 2997 1332 si
3045 1295 3172 1334 vere
3230 1278 3369 1332 dicit
3424 1279 3710 1348 Christus,

2068 1385 2201 1423 cum
2235 1370 2316 1424 ait
2350 1387 2362 1425 :
2396 1371 2503 1440 Ego
2531 1372 2592 1424 in
2623 1371 2802 1436 Patre,
2831 1377 2880 1423 et
2913 1370 3074 1424 Pater
3103 1368 3160 1423 in
3210 1385 3316 1435 me,
3379 1377 3436 1424 et
3483 1386 3708 1434 germa-

2070 1475 2180 1512 nus
2224 1459 2352 1527 ejus
2412 1457 2755 1529 discipulus,
2818 1473 2950 1511 cum
3032 1458 3217 1522 docet,
3306 1458 3365 1512 in
3425 1457 3706 1529 principio

2067 1547 2248 1602 fuisse
2280 1547 2536 1601 Verbum
2564 1553 2622 1601 et
2652 1562 2884 1617 semper
2906 1547 3089 1601 fuisse
3129 1547 3283 1616 apud
3342 1547 3549 1611 Deum,
3580 1547 3706 1601 Ari-

2064 1651 2176 1688 ana
2233 1651 2333 1688 ora
2417 1635 2844 1698 obmutescant,
2899 1651 3028 1703 qua
3110 1635 3457 1704 injustitiam
3507 1641 3708 1691 contra

2062 1721 2244 1776 Deum
2277 1721 2646 1793 loquuntur:
2678 1727 2851 1792 atque
2884 1723 2938 1776 in
2979 1722 3179 1792 primis
3207 1723 3424 1790 Aetius,
3465 1723 3562 1792 qui
3625 1724 3704 1777 la-

2062 1810 2219 1865 boris
2249 1811 2339 1865 sui
2369 1811 2681 1866 vanitatem
2707 1828 2820 1866 non
2848 1812 3047 1881 paucis
3069 1812 3359 1882 capitibus
3381 1827 3508 1881 qua:
3528 1827 3706 1880 supra

2058 1899 2195 1954 huic
2226 1900 2480 1954 historia:
2511 1901 2981 1966 interseruimus,
3037 1900 3334 1971 patefecit,
3393 1901 3530 1954 dum
3566 1917 3706 1954 con--

2058 1989 2292 2044 ﬁrmare
2318 1997 2564 2043 conatur
2618 1988 2824 2043 Filium
2885 1987 2957 2042 ab
3013 1988 3269 2058 ingenito
3327 1989 3496 2042 Patre
3540 1989 3703 2056 geni-

2059 2083 2185 2133 tum
2223 2095 2334 2133 non
2367 2094 2515 2142 esse,
2561 2079 2699 2150 quia
2754 2077 3080 2149 ingenitum
3150 2092 3381 2146 quoque
3439 2093 3472 2130 a
3525 2091 3702 2146 gene-

2059 2168 2280 2222 ratione
2311 2167 2567 2222 aIienum
2600 2167 2694 2221 sit.
2725 2165 2850 2221 Jam
2884 2166 2930 2221 si
2967 2166 3147 2220 Filius
3184 2164 3522 2236 unigenitus
3552 2180 3701 2220 sem-

2061 2256 2242 2329 perin
2278 2256 2407 2312 sinu
2471 2256 2655 2311 Patris
2712 2261 2820 2323 est,
2885 2255 3051 2310 Pater
3109 2254 3308 2321 utique
3358 2269 3586 2324 semper
3616 2260 3702 2307 est

2060 2347 2246 2416 Pater,
2281 2353 2337 2403 et
2372 2348 2546 2404 Filius
2579 2348 2627 2404 ei
2659 2353 3003 2412 coaeternus,
3036 2352 3098 2400 ut
3127 2345 3227 2417 qui
3275 2345 3534 2414 ejusdem
3568 2358 3701 2398 cum

2057 2441 2158 2495 illo
2192 2439 2268 2494 sit
2294 2444 2534 2506 naturae,
2569 2454 2674 2495 nec
2705 2442 2778 2493 ab
2813 2454 2879 2492 eo
2911 2437 3166 2507 separari
3200 2434 3408 2506 possit.

2129 2539 2332 2594 Relata
2361 2537 2515 2592 enim
2550 2554 2617 2591 ex
2648 2553 2849 2592 eorum
2883 2551 3126 2590 numero
3158 2539 3322 2601 sunt,
3371 2549 3498 2604 quae
3557 2548 3704 2586 sem-

2060 2645 2160 2699 per
2191 2627 2369 2683 simul
2429 2643 2542 2682 una
2599 2634 2754 2694 sunt,
2817 2641 2994 2696 seque
3051 2629 3252 2680 mutuo
3301 2623 3699 2679 introducunt.

2059 2717 2165 2774 Ubi
2193 2733 2328 2789 ergo
2361 2717 2550 2785 Pater,
2583 2716 2660 2770 ibi
2693 2722 2748 2771 et
2777 2714 2976 2770 Filius.
3039 2715 3180 2768 Item
3232 2712 3388 2782 quod
3420 2709 3700 2782 principio

2058 2811 2230 2872 caret,
2262 2823 2450 2876 neque
2481 2811 2743 2860 creatura
2773 2810 2881 2872 est,
2916 2819 3102 2874 neque
3134 2807 3368 2874 propter
3424 2816 3531 2854 nos
3580 2800 3698 2853 fac-

2057 2901 2180 2951 tum
2213 2904 2317 2951 est.
2355 2895 2461 2961 Qui
2491 2895 2646 2950 enim
2678 2893 2749 2948 ab
2790 2901 3000 2948 aeterno
3056 2896 3164 2956 est,
3214 2905 3468 2961 quonam
3530 2888 3699 2942 modo

2057 2988 2163 3042 sub
2195 2991 2384 3042 ortum
2419 2986 2607 3055 cadet,
2668 2984 3136 3055 principiumque
3195 2979 3547 3036 habentibus
3605 2995 3700 3033 ac-

2056 3083 2368 3133 censentur
2387 3076 2414 3131 ?

2127 3171 2369 3238 Insuper
2400 3171 2458 3222 et
2485 3164 2767 3226 Verbum,
2799 3167 2856 3219 et
2889 3162 3208 3235 Sapientia,
3239 3165 3294 3217 et
3353 3161 3532 3216 Filius
3578 3165 3702 3216 erat

2059 3259 2286 3324 natura,
2318 3260 2374 3311 et
2404 3272 2629 3328 semper
2675 3255 2804 3326 ipsa
2862 3253 2981 3308 haec
3049 3253 3246 3307 omnia
3292 3255 3414 3306 erat
3447 3251 3697 3305 Verbum

2058 3346 2316 3416 quidem,
2375 3344 2514 3416 quia
2570 3343 2963 3416 generationis
3023 3340 3316 3397 affectioni
3365 3357 3477 3394 non
3528 3341 3699 3394 obno-

2056 3435 2208 3505 xius,
2242 3434 2377 3506 quia
2407 3435 2780 3506 conjunctus.
2813 3438 2868 3488 et
2898 3432 3314 3495 enuntiativus,
3369 3430 3523 3484 unde
3573 3429 3649 3484 ait
3685 3444 3698 3484 :

2061 3526 2245 3581 Verba
2273 3539 2396 3596 qum
2419 3541 2518 3595 ego
2548 3525 2738 3594 loquor
2761 3521 2931 3588 vobis,
2965 3539 3004 3577 α
3032 3521 3233 3593 meipso
3265 3537 3374 3576 non
3414 3522 3604 3591 loquor
3634 3520 3698 3587 ‘5,

2057 3621 2114 3670 et
2139 3614 2250 3670 alio
2279 3615 2402 3669 loco
2421 3616 2501 3668 ait
2523 3614 2590 3668 ad
2620 3618 2844 3668 Patrem
2871 3631 2891 3667 :
2920 3611 3264 3679 Mani/estaui
3301 3625 3495 3662 nomen
3545 3613 3698 3661 tuum

2056 3703 2371 3759 hominibus
2403 3703 2468 3770 4°,
2505 3702 2781 3757 nimirum
2816 3715 3023 3754 nomen
3069 3697 3456 3768 paternitatis.
3520 3693 3698 3748 Isaias

2057 3809 2290 3865 quoque
2323 3793 2516 3861 Magni
2547 3790 2774 3845 consilii
2809 3786 3077 3857 angelum
3110 3789 3274 3840 vocat
3319 3782 3384 3849 ‘7,
3420 3782 3694 3838 nimirum

2057 3884 2267 3936 Patris.
2301 3878 2599 3948 Sapientia
2655 3892 2786 3930 vero
2837 3879 2978 3939 erat,
3038 3879 3319 3944 tanquam
3371 3872 3696 3927 divinarum

2055 3975 2112 4024 et
2142 3969 2535 4022 humanarum
2562 3980 2756 4019 rerum
2789 3964 2973 4018 dator.
3006 3962 3135 4017 Jam
3180 3961 3277 4032 qui
3334 3963 3451 4016 ﬁeri
3488 3966 3696 4031 potest,

2057 4064 2119 4111 ut
2153 4056 2343 4125 epifex
2375 4053 2874 4124 rationcsignoret
2903 4069 3102 4107 eorum
3137 4068 3263 4123 qua:
3296 4051 3471 4105 fecit?
3524 4051 3701 4106 Filius

2057 4146 2329 4218 denique,
2363 4145 2499 4216 quia
2534 4144 2682 4200 Patri
2739 4141 2982 4214 mqualis
3041 4148 3149 4211 est,
3204 4141 3526 4197 secundum
3561 4142 3699 4196 sub-

2057 4235 2334 4291 stantiam
2360 4251 2488 4290 eum
2515 4250 2579 4289 eo
2612 4238 2715 4302 est,
2749 4249 2852 4288 nec
2911 4233 2984 4287 ab
3045 4233 3170 4302 ejus
3229 4231 3357 4286 sinu
3401 4230 3566 4286 avelli
3602 4248 3701 4302 po-

2054 4330 2185 4382 test.

2131 4428 2198 4480 At
2225 4440 2360 4479 vero
2402 4423 2567 4480 Iocus
2623 4421 2760 4477 iIIe:
2816 4423 2952 4478 Novi
3005 4423 3248 4486 Patrem,
3305 4423 3354 4475 et
3399 4437 3702 4475 sermonem

2057 4517 2174 4583 eius
2204 4513 2452 4581 servo",
2509 4530 2641 4568 eum
2699 4512 2772 4567 ab
2827 4512 3082 4567 essentia
3142 4515 3382 4581 paterna
3421 4511 3698 4582 sejungit,

1980 4574 2024 4638 Β
2057 4574 2355 4674 aliumque
2387 4574 2637 4658 a'Verbo
2669 4601 2975 4673 praetendit
3016 4617 3030 4656 :
3090 4574 3242 4670 quod
3303 4599 3409 4670 ipsi
3455 4574 3697 4655 insitum

2059 4701 2113 4751 et
2136 4710 2478 4766 germanum
2514 4693 2613 4748 Dei
2642 4692 2894 4746 Verbum
2924 4707 3052 4746 esse
3082 4689 3306 4746 volunt.
3351 4694 3426 4745 At
3480 4706 3702 4745 sermo-

2058 4801 2190 4840 nem
2220 4783 2485 4838 Christus
2509 4782 2617 4837 hoo
2650 4783 2773 4838 Ioco
2800 4781 3159 4836 voluntatem
3184 4779 3440 4851 appellat
3490 4779 3699 4833 Patris.

2056 4874 2170 4928 Nec
2218 4872 2473 4927 absimili
2530 4873 2751 4927 ratione
2806 4870 2972 4924 locus
3031 4870 3164 4925 ille:
3230 4871 3356 4923 Ante
3411 4869 3699 4935 luet/“erum

2053 4962 2222 5034 genui
2251 4973 2303 5017 te
2332 4961 2398 5027 ‘9,
2433 4979 2546 5017 non
2606 4960 2980 5029 temporalem
3039 4957 3467 5030 generationem
3512 4955 3701 5010 intro-

2055 5053 2238 5118 ducit,
2271 5053 2370 5108 sed
2406 5053 2512 5106 hoc
2545 5049 2759 5117 innuit,
2793 5048 3288 5120 quemadmodum
3321 5050 3521 5102 venter
3580 5047 3698 5112 Dei,

2055 5143 2103 5197 si
2137 5142 2230 5213 pie
2260 5140 2642 5212 intelligatur,
2700 5140 2757 5194 id
2819 5138 3140 5210 genuinum
3199 5140 3256 5190 et
3313 5135 3699 5191 consubstan-

2056 5231 2193 5286 tiale
2251 5246 2378 5284 esse
2435 5229 2708 5295 ostendit,
2767 5228 2923 5299 quod
2993 5225 3322 5298 cognitione
3387 5223 3695 5294 concepit:

2053 5318 2134 5373 ita
2164 5323 2221 5373 et
2251 5335 2463 5385 sermo,
2497 5333 2612 5388 quo
2640 5323 2792 5372 Deus
2828 5315 3058 5377 Filium,
3089 5313 3346 5383 angelos,
3395 5319 3452 5370 et
3509 5314 3693 5369 homi-

2055 5425 2158 5464 nes
2185 5407 2523 5479 alloquitur,
2557 5407 2922 5462 dialecticum
2956 5422 3284 5461 sermonem
3305 5407 3542 5460 denotat
3565 5403 3694 5475 :qui

2456 5551 2680 5628 43_Ibid.
2711 5553 2766 5608 2.
2869 5550 2916 5584 4*
2947 5551 3093 5607 Ibid.
3129 5555 3214 5608 is.
3313 5557 3356 5590 ιε
3380 5558 3543 5614 Joan.
3576 5575 3693 5628 xw,

297 5621 379 5676 10.
457 5618 504 5652 ⁴⁰
533 5620 702 5674 Joan.
737 5635 874 5687 xvii,
907 5619 960 5675 6.
1041 5617 1086 5652 ‘7
1121 5623 1233 5673 Isa.
1268 5621 1420 5684 tx,6.
1500 5618 1547 5652 ‘3
1573 5619 1744 5674 Joan.
1777 5636 1893 5685 VIII,
1939 5622 2026 5675 55.
2105 5623 2151 5657 ⁴⁹
2186 5624 2332 5679 Psal.
2363 5639 2474 5692 ctx,
2509 5625 2562 5680 3.
