4058 6212
369 339 527 402 1403

1687 324 2000 390 NICETIS
2040 325 2461 392 CHONIATJE

3636 333 3797 397 MO!

369 475 606 548 propter
637 485 743 526 nos
771 467 1030 523 humano
1063 478 1220 520 more
1276 461 1603 534 disponitur
1655 465 1714 517 et
1752 461 2018 517 eﬂ'orma-
2049 460 2104 527 Α
2133 464 2190 517 st
2213 461 2576 534 singulares:
2612 478 2716 521 nec
2748 463 2997 537 simplex
3028 464 3123 521 ille
3145 471 3250 534 est,
3305 465 3476 536 cujus
3533 467 3800 522 essentia

371 574 489 631 tur,
524 579 654 618 cum
691 577 806 617 non
841 573 1144 629 possemus
1173 554 1285 611 alio
1348 555 1521 610 modo
1573 553 1800 608 divinos
1845 552 2025 624 perci-

375 670 509 727 pere
540 665 859 709 sermones.

451 743 560 798 Sed
596 757 666 795 ne
699 735 1000 794 mutabilis
1058 734 1296 806 quidem
1349 733 1591 798 dicetur,
1647 732 1744 802 qui
1796 732 1854 786 in
1895 729 2026 785 sinu

375 831 582 898 Patris,
617 828 718 900 qui
750 827 1112 897 unigenitus,
1142 823 1242 895 qui
1273 823 1519 892 denique
1557 821 1712 876 Patri
1770 819 2026 876 consub-

377 919 670 979 stantialis
703 922 809 973 est.
841 915 1082 972 Mutatio
1113 914 1267 970 enim
1288 916 1344 968 et
1361 911 1622 968 alteratio
1655 927 1848 966 rerum
1873 926 2028 965 erea-

373 1019 564 1070 tarum
599 1018 704 1067 est.

445 1104 626 1159 Nemo
662 1117 830 1172 porro
857 1103 966 1164 est,
1001 1099 1099 1170 qui
1152 1099 1335 1153 Deum
1369 1114 1401 1151 a
1443 1095 1764 1151 mutatione
1795 1098 1851 1150 et
1883 1095 2027 1151 alte-

384 1196 610 1251 ratione
631 1192 883 1248 alienum
911 1206 1037 1245 esse
1062 1196 1247 1259 neget.
1282 1188 1409 1243 Jam
1442 1187 1489 1242 si
1535 1187 1714 1240 Filius
1763 1186 2026 1256 ejusdem

381 1301 513 1340 cum
547 1283 712 1338 Patre
745 1279 1087 1336 substantiae
1122 1283 1460 1349 naturaeque
1508 1277 1604 1343 sit,
1638 1276 1797 1330 haud
1848 1275 2027 1331 dubie

377 1387 582 1429 natura
615 1387 850 1442 quoque
874 1374 1020 1424 Deus
1061 1372 1184 1422 est:
1225 1372 1396 1438 prout
1433 1365 1529 1420 ille
1569 1379 1800 1436 quoque
1849 1365 2025 1420 disci-

378 1464 574 1536 pulus,
609 1462 708 1533 qui
739 1477 918 1531 supra
950 1462 1152 1528 pectus
1183 1456 1415 1511 Domini
1478 1455 1764 1523 recubuit,
1798 1454 1891 1509 his
1936 1455 2023 1509 in-

381 1555 537 1609 dicat
567 1550 772 1607 Verbis
804 1567 816 1605 :
853 1550 914 1603 Et
948 1550 1091 1602 Deus
1142 1551 1268 1602 erat
1307 1545 1553 1602 Verbum.
1611 1544 1770 1609 Quod
1806 1544 1853 1598 si
1888 1561 2023 1600 con-

384 1649 491 1698 stet
521 1640 776 1696 Verbum
811 1637 1077 1706 ejusdem
1111 1651 1243 1690 cum
1278 1637 1446 1688 Patre
1487 1632 1824 1688 substantiae
1875 1647 2025 1701 esse,

381 1730 782 1803 principioque
814 1742 932 1781 una
960 1741 1092 1779 cum
1127 1723 1224 1778 illo
1255 1739 1468 1792 carere,
1527 1738 1640 1776 nou
1701 1731 1889 1777 autem
1932 1738 2024 1776 eo-

2132 550 2430 622 dividitur,
2455 557 2512 609 et
2541 571 2832 626 acorpore
2859 554 2944 610 vel
2977 555 3175 610 anima
3220 554 3576 627 seiungitur.
3627 557 3791 611 Alio-

2131 641 2232 712 qui
2265 643 2514 713 objectio
2559 643 2706 702 illa:
2761 646 2974 700 Eratne
3031 649 3226 713 antea,
3287 661 3358 698 an
3397 661 3532 700 vero
3583 652 3798 716 postea

2133 730 2288 786 fuit?
2319 733 2392 788 iis
2423 736 2710 800 convenit,
2760 753 2885 807 quae
2944 739 3205 807 tempore
3261 734 3453 790 metiri
3507 735 3794 792 solemus.

2132 827 2315 877 Antea
2346 823 2500 880 enirn
2532 831 2588 881 et
2621 831 2820 897 postea
2852 825 3125 897 temporis
3159 829 3352 894 partes
3389 829 3548 880 sunt.
3609 828 3795 880 Porro

2133 911 2204 966 ad
2239 929 2367 983 quae
2398 917 2632 985 tempus
2664 932 2779 971 non
2814 914 3111 988 pertingit,
3144 914 3260 971 imo
3317 931 3450 969 vero
3483 930 3553 968 ne
3603 931 3792 970 secu-

2134 999 2254 1056 lum
2281 1002 2538 1073 quidem,
2573 1005 2664 1060 cui
2698 1004 2984 1075 tripertita
3017 1004 3115 1058 illa
3166 1003 3448 1059 distantia
3508 1006 3794 1075 temporis

2134 1089 2332 1158 ignota
2362 1095 2471 1155 est,
2504 1091 2604 1162 qui
2639 1091 2763 1147 fieri
2794 1095 3005 1162 potest,
3040 1096 3106 1146 ut
3145 1091 3216 1146 iis
3275 1093 3793 1147 accommodentur

2132 1177 2390 1248 illa,quze
2426 1181 2673 1252 tempori
2707 1181 2961 1237 obnoxia
2991 1184 3132 1237 sunt
3153 1180 3179 1234 ?

2204 1287 2486 1343 (laterum
2514 1289 2805 1360 prmdiotis
2828 1289 2938 1344 hoc
2988 1293 3151 1360 pacto
3211 1289 3506 1344 adversari
3551 1290 3782 1344 solent:

2131 1377 2402 1432 Genitum
2437 1383 2494 1432 et
2525 1379 2852 1449 ingenitum
2876 1383 3014 1434 sunt
3042 1395 3212 1434 voces
3260 1379 3650 1449 homonyma.
3685 1380 3781 1434 ln-

2132 1466 2397 1537 genitum
2429 1467 2582 1524 enim
2617 1469 2770 1523 idem
2805 1469 2958 1540 quod
2985 1469 3329 1535 increatum,
3362 1474 3418 1524 et
3456 1470 3789 1541 ingenitum

2133 1556 2289 1625 quod
2319 1565 2574 1612 creatum
2608 1575 2721 1613 non
2777 1563 2882 1624 est,
2944 1558 3440 1630 quemadmodum
3494 1560 3784 1630 genitum,

2133 1645 2281 1714 quod
2307 1645 2570 1714 genitum
2603 1649 2710 1713 est,
2746 1654 2798 1701 et
2828 1647 3117 1717 genitum,
3150 1648 3301 1718 quod
3354 1653 3614 1703 creatum
3662 1655 3781 1704 est.

2134 1734 2466 1804 Ingenitum
2499 1735 2673 1790 etiam
2695 1751 2796 1806 pro
2819 1736 2946 1808 ipsa
2968 1736 3408 1808 ingeneratione
3431 1741 3489 1791 et
3528 1753 3591 1791 eo
3624 1739 3782 1806 quod

383 1824 513 1876 dem
549 1818 832 1890 principio
865 1816 1131 1886 erupisse,
1178 1832 1292 1886 quo
1351 1819 1626 1870 creatum
1684 1813 1894 1881 8016M,
1927 1814 2028 1885 (ιυὶ
2059 1845 2105 1910 Β
2138 1822 2395 1893 genitum
2432 1841 2547 1878 non
2569 1829 2677 1891 est,
2710 1830 2775 1880 ut
2812 1825 3102 1896 genitum,
3137 1842 3240 1896 pro
3294 1825 3687 1896 generatione,
3733 1831 3790 1898 et

382 1911 505 1966 fieri
539 1912 748 1981 potest,
779 1911 844 1962 ut
877 1905 1060 1972 Pater,
1095 1905 1190 1976 qui
1240 1904 1526 1975 principio
1583 1903 1755 1958 etiam
1814 1907 2025 1968 careat,

379 2001 430 2054 ei
463 2001 541 2055 sit
571 1997 926 2068 incognitus,
962 1996 1060 2066 qui
1093 2003 1145 2048 et
1178 1995 1366 2050 Patris
1397 2000 1452 2049 et
1485 1995 1577 2049 sui
1635 1994 2026 2065 cognitionem

376 2089 564 2159 ipsius
595 2086 724 2143 aliis
757 2086 1237 2156 impertit,juxta
1294 2083 1439 2139 illud
1478 2101 1490 2138 :
1542 2085 1607 2139 Et
1659 2085 1752 2138 cui
1797 2084 2027 2140 voluerit

375 2179 548 2235 Filius
578 2176 819 2234 revelare
845 2175 912 2231 ⁵ο.

1003 2284 1162 2342 CAP.
1204 2284 1392 2340 XLIII.

373 2395 722 2454 Eunomiam'
746 2394 1085 2452 dilemmatis
1123 2394 1446 2460 confatalia,
1481 2406 1584 2466 qua
1617 2391 1819 2466 Filium
1863 2393 2025 2448 Patri

443 2476 777 2526 cowtcrnum
811 2482 922 2522 esse
949 2481 1018 2521 ea:
1075 2467 1436 2520 Nazianzeno
1492 2473 1542 2520 et
1589 2465 1800 2521 caeteris
1832 2466 2024 2520 catho-

446 2544 567 2597 licis
595 2541 808 2611 probat.

443 2667 616 2722 Arius
643 2669 699 2721 et
729 2664 1070 2735 Eunomius,
1107 2670 1170 2721 ut
1199 2663 1410 2719 Filium
1458 2664 1613 2719 Patri
1670 2666 2022 2720 comternum

373 2773 502 2812 esse
535 2759 834 2828 negarent,
870 2755 1062 2811 hocin
1095 2754 1349 2827 speciem
1383 2751 1843 2809 addubitationis
1889 2767 2025 2823 pro-

376 2845 567 2900 blema
598 2845 1016 2916 proponebant.

448 2933 624 2989 Filius
655 2950 788 2989 eum
825 2938 1184 3003 nasceretur,
1218 2934 1417 2990 aderat
1448 2933 1559 2988 sibi
1617 2931 1750 3003 ipsi,
1796 2930 2024 2986 necne?

373 3022 476 3076 Cui
509 3023 744 3092 quidem
773 3023 1098 3079 dilemmati
1133 3023 1447 3095 abruptum
1483 3022 1761 3092 utrinque
1821 3021 2023 3092 praeci-

374 3112 585 3185 pitium
618 3115 788 3170 inest.
822 3114 880 3168 Si
919 3114 1070 3169 enim
1100 3116 1212 3170 silui
1244 3115 1502 3170 adfuisse
1560 3114 1850 3182 dicamus,
1883 3118 2023 3168 tunc

2137 1930 2203 1969 eo
2226 1914 2378 1985 quod
2413 1914 2677 1984 genitum
2730 1919 2820 1969 est
2877 1915 3163 1985 accipitur
3208 1932 3223 1970 :
3284 1916 3788 1986 quemadmodum

2135 2003 2333 2058 album
2372 2019 2473 2074 pro
2531 2004 2818 2070 albedine,
2879 2008 3042 2060 eteo
3092 2004 3246 2075 quod
3297 2004 3626 2060 dealbatam
3674 2011 3787 2060 est.

2138 2094 2337 2164 Itaque
2371 2109 2503 2148 cum
2536 2094 2745 2165 triplex
2775 2095 2853 2149 sit
2911 2094 3152 2165 ingeniti
3211 2095 3508 2166 genitique
3547 2096 3786 2166 signiﬁ-

2133 2182 2305 2252 catio,
2339 2182 2388 2236 si
2419 2199 2523 2254 pro
2551 2183 2806 2238 increato
2837 2186 2894 2238 et
2922 2187 3116 2239 creato
3149 2183 3272 2238 haec
3328 2183 3555 2239 nomina
3601 2201 3778 2239 usur-

2137 2287 2262 2345 pes,
2293 2287 2398 2327 nos
2429 2288 2665 2344 quoque
2696 2277 2891 2328 tecum
2924 2272 3241 2328 fatebimur
3269 2272 3576 2344 ingenitum
3627 2289 3768 2328 cum

2133 2361 2516 2433 genitoidem
2561 2378 2676 2417 non
2720 2377 2870 2430 esse,
2929 2362 3038 2417 hoc
3095 2366 3206 2429 est,
3266 2361 3578 2416 inor-catum
3633 2379 3773 2417 cum

2133 2455 2325 2507 creato
2370 2468 2383 2506 :
2418 2451 2509 2506 sin
2542 2455 2739 2506 autem
2764 2468 2866 2522 pro
2899 2467 2965 2507 eo
2988 2451 3088 2523 qui
3119 2451 3343 2520 genuit,
3375 2456 3433 2506 et
3461 2453 3556 2522 qui
3614 2452 3782 2523 geni-

2132 2545 2228 2596 tus
2259 2545 2366 2609 est,
2395 2557 2509 2596 non
2543 2545 2698 2596 recte
2728 2540 3092 2596 identitatem
3127 2541 3197 2595 de
3224 2541 3414 2596 medio
3435 2539 3617 2607 tollis,
3653 2558 3784 2612 qum

2135 2628 2278 2684 nihil
2311 2629 2469 2684 aliud
2503 2634 2612 2696 est,
2648 2645 2826 2700 quam
2861 2637 3081 2685 naturas
3130 2629 3448 2700 specimen,
3500 2629 3787 2684 nimirum

2131 2718 2388 2775 utnulla
2419 2719 2828 2775 immutatione
2881 2719 3036 2775 facta
3092 2720 3358 2790 genitura
3415 2719 3494 2774 sit
3537 2720 3794 2791 genitori

2131 2808 2360 2865 similis.

2202 2917 2455 2972 Rursum
2492 2916 2540 2972 si
2572 2916 2904 2989 ingenitum
2937 2921 2994 2972 et
3025 2917 3287 2988 genitum
3322 2933 3424 2988 pro
3475 2917 3793 2988 ingenera-

2129 3007 2288 3062 tione
2309 3011 2365 3062 et
2395 3007 2768 3079 generatione
2799 3023 3020 3076 sumas,
3057 3025 3172 3064 non
3203 3008 3358 3064 idem
3389 3009 3504 3064 sibi
3539 3009 3745 3064 volunt
3775 3029 3790 3076 ;

2132 3103 2191 3153 at
2225 3098 2273 3154 si
2303 3115 2406 3169 pro
2459 3098 2686 3154 naturis
2742 3099 2859 3153 illis
2917 3099 2978 3154 in
3035 3100 3249 3171 quibus
3307 3101 3682 3173 ingeneratio
3739 3107 3792 3157 et

373 3203 472 3274 qui
518 3202 728 3258 Filium
790 3202 1167 3276 simplicitate
1235 3203 1389 3258 Patri
1460 3203 2021 3259 consubstantialem

2137 3188 2427 3260 generatio
2484 3189 2952 3257 considerantur,
3009 3189 3150 3260 quin
3211 3190 3402 3245 obstat
3471 3193 3783 3262 quominus

371 3292 822 3358 introducimus,
857 3293 1128 3348 eumdem
1164 3309 1280 3348 una
1319 3309 1452 3348 cum
1487 3292 1630 3348 Filio
1663 3308 1792 3348 esse
1826 3292 2016 3348 nasci-

371 3395 484 3448 que
509 3381 939 3437 conntebimur.
969 3383 1068 3435 Sin
1099 3382 1359 3437 adfuisse
1393 3399 1695 3453 negemus,
1731 3383 1837 3438 hoc
1871 3398 2019 3453 quo-

372 3481 485 3538 que
520 3471 684 3536 pacto
721 3466 777 3518 id
837 3468 1321 3536 adulterabimus,
1357 3471 1508 3540 quod
1567 3488 1631 3525 ea
1690 3471 1748 3524 in
1808 3477 2020 3526 natura

375 3555 624 3627 simplex
646 3559 702 3611 et
733 3555 1171 3626 compositionis
1203 3573 1404 3627 expers
1437 3563 1524 3613 est
1557 3577 1570 3615 :
1607 3564 1781 3630 atque
1821 3577 1938 3614 una
1968 3560 2017 3614 ei

375 3648 575 3703 eadem
601 3663 770 3718 opera
802 3663 931 3702 eum
966 3644 1014 3718 ἐξ
1050 3645 1149 3700 οὐκ
1179 3643 1370 3716 ὄντων,
1396 3648 1449 3702 id
1507 3653 1615 3714 est,
1677 3666 1745 3705 ex
1785 3651 1858 3704 iis
1892 3667 2020 3722 quas

375 3754 489 3793 non
523 3742 682 3805 sunt,
717 3752 816 3792 seu
852 3736 1054 3806 nihilo,
1089 3739 1241 3809 quod
1270 3737 1362 3793 isti
1397 3737 1616 3806 volunt,
1669 3740 2022 3810 processisse

373 3827 800 3882 contendimus.
861 3826 1005 3882 Nam
1111 3827 1208 3898 qui
1286 3826 1395 3883 sibi
1496 3827 1610 3900 ipsi
1686 3845 1817 3884 cum
1896 3847 2024 3885 nas-

374 3917 559 3972 scitur
590 3934 702 3972 non
737 3918 924 3982 adest,
983 3916 1030 3972 is
1091 3916 1250 3973 nullo
1311 3934 1550 3989 prorsus
1592 3921 1761 3975 modo
1793 3924 1880 3975 est
1910 3937 1923 3976 :
1959 3926 2022 3976 ut

376 4007 475 4078 qui
511 4012 675 4062 antea
710 4023 820 4060 non
854 4011 1022 4071 esset,
1057 4011 1255 4079 postea
1285 4024 1416 4063 vero
1452 4011 1644 4074 natus,
1679 4025 1746 4063 ex
1791 4009 1864 4064 iis
1897 4027 2022 4081 quas

374 4114 486 4151 non
524 4102 664 4151 sunt
694 4103 885 4152 ortum
913 4096 1200 4154 habuerit.
1236 4100 1434 4169 Itaque
1492 4099 1642 4169 quod
1707 4098 1842 4154 inde
1872 4101 2019 4155 infe-

374 4191 531 4257 runt,
567 4187 674 4242 hoc
708 4189 819 4255 est,
854 4187 1034 4244 fuisse
1085 4192 1316 4258 tempus
1375 4204 1508 4242 cum
1571 4187 1749 4244 Filius
1784 4206 1897 4245 non
1931 4207 2020 4246 es-

375 4281 477 4332 set.

444 4369 723 4422 Craterum
757 4367 827 4422 ad
875 4367 1216 4437 hujusmodi
1258 4368 1503 4423 dubium
1567 4370 2022 4435 retundendam,

370 4457 571 4511 Patres
613 4457 732 4512 haec
764 4457 1050 4510 Eunomio
1085 4457 1341 4512 vicissim
1377 4457 1688 4527 objiciunt,
1721 4465 1776 4513 et
1809 4459 1866 4514 in
1907 4459 2021 4530 pri-

2129 3278 2284 3332 idem
2320 3277 2488 3332 sint?
2549 3277 2688 3332 Vide
2757 3278 2938 3347 enim,
3017 3279 3278 3348 Eunomi,
3367 3287 3771 3351 argumentum

2130 3371 2294 3422 tuum
2329 3367 2443 3422 alia
2467 3367 2764 3424 inversum
2778 3368 2891 3424 via.
2918 3374 3022 3424 Est
3044 3371 3197 3440 quod
3222 3370 3460 3441 sapiens
3485 3372 3772 3437 dicamus,

2127 3463 2216 3514 est
2246 3459 2404 3529 quod
2438 3462 2496 3514 et
2528 3458 2853 3530 insipiens;
2911 3459 3254 3530 hujusmodi
3311 3477 3482 3533 porro
3541 3463 3782 3518 nomina

2127 3564 2240 3603 non
2276 3548 2427 3603 idem
2460 3548 2846 3618 signiﬁcant;
2906 3565 3041 3604 nam
3102 3567 3218 3620 qua
3271 3550 3330 3604 in
3394 3567 3453 3606 re
3493 3551 3786 3622 insipiens

2130 3653 2261 3691 cum
2297 3637 2560 3708 sapiente
2589 3636 2743 3692 idem
2788 3638 3043 3694 dixeris?
3094 3639 3275 3694 nihilo
3333 3640 3528 3696 minus
3579 3647 3779 3696 tamen

2129 3726 2187 3780 in
2249 3727 2450 3781 eodem
2509 3725 2746 3782 homine
2802 3728 3269 3797 considerantur,
3329 3747 3433 3786 nec
3487 3733 3779 3787 essentias

2133 3814 2446 3882 dissecant,
2481 3819 2538 3869 at
2596 3816 2654 3870 in
2709 3817 2981 3872 essentiis
3037 3818 3406 3875 dissecantur
3449 3839 3461 3884 ;
3505 3820 3608 3873 hoc
3657 3827 3768 3888 est,

2135 3922 2247 3960 non
2283 3904 2455 3960 aliam
2479 3904 2792 3960 essentiam
2825 3905 3131 3978 insipiens,
3167 3908 3514 3980 atquealiam
3532 3907 3768 3979 sapiens

2131 3994 2451 4050 introducit
2484 4010 2497 4048 :
2533 3996 3052 4065 quemadmodum,
3084 3999 3242 4053 verbi
3300 3999 3500 4070 gratia,
3528 3997 3689 4054 Deus
3717 4004 3781 4054 et

2132 4084 2324 4139 homo.

2201 4191 2316 4246 Cur
2343 4194 2540 4247 autem
2572 4193 2754 4248 solius
2811 4193 3052 4266 ingeniti
3100 4193 3328 4250 nomine
3392 4195 3648 4250 divinam
3693 4197 3791 4250 de-

2132 4281 2329 4352 signas
2359 4282 2673 4337 essentiam
2698 4283 2725 4336 ?
2755 4284 2867 4338 Cur
2908 4299 3021 4338 non
3078 4300 3241 4354 irque
3299 4285 3788 4351 immortalilatis,

2132 4369 2474 4433 clementiae,
2508 4377 2564 4425 et
2593 4372 3018 4427 immutationis
3057 4389 3266 4427 nomen
3309 4371 3565 4429 assumis
3590 4375 3617 4428 ?
3656 4375 3794 4430 Haec

2133 4459 2285 4514 enim
2319 4461 2521 4514 eodem
2558 4460 2873 4515 locutionis
2931 4477 3139 4532 genere
3195 4463 3263 4516 de
3317 4463 3430 4517 Deo
3488 4463 3792 4519 dicuntur.

373 4546 486 4602 mis
509 4563 776 4601 summus
809 4544 904 4599 ille
934 4545 1239 4617 theologus
1299 4546 1645 4617 Gregorius:
1703 4551 1820 4620 Age
1867 4565 2020 4614 vero,
2057 4571 2102 4635 Β
2136 4549 2297 4615 Quod
2334 4549 2379 4603 si
2413 4549 2592 4618 dicas,
2627 4550 2892 4618 Eunomi,
2945 4551 3474 4618 immortalitatem,
3529 4553 3796 4609 elemen-

372 4633 867 4701 Eunomi,tibine,
898 4649 1029 4687 cum
1065 4636 1408 4701 nascereris,
1471 4638 1697 4704 aderas,
1751 4653 2025 4709 nuncqae

374 4725 534 4788 ades,
570 4741 640 4776 an
702 4727 974 4777 neutrum
1033 4723 1290 4779 horum?
1349 4727 1529 4780 Item:
1589 4728 1710 4790 Quo
1769 4734 2026 4798 tempore

377 4811 658 4868 maternis
687 4811 984 4867 doloribus
1017 4814 1072 4867 in
1104 4813 1292 4868 lucem
1326 4814 1579 4870 emissus
1611 4833 1693 4881 es,
1746 4817 2027 4874 aderasne

373 4905 419 4959 ei
458 4918 632 4976 quem
667 4905 927 4957 materna
985 4903 1155 4958 vulva
1213 4904 1416 4971 edidit,
1477 4921 1750 4978 nuncque
1813 4909 2024 4978 pubes-

369 4994 525 5049 centi
559 4997 613 5048 et
646 4992 1013 5046 harbescenti
1041 4993 1178 5047 ades
1207 4994 1227 5048 Ρ
1259 5009 1326 5047 an
1363 5009 1494 5048 vero
1527 5010 1713 5066 neque
1761 4995 2026 5052 nascenti

368 5084 595 5147 aderas,
631 5097 823 5152 neque
856 5097 1012 5135 nunc
1045 5083 1208 5149 ades,
1241 5097 1372 5137 cum
1434 5097 1612 5154 genas
1675 5083 1889 5156 lanugo
1918 5085 2023 5141 tibi

372 5173 730 5246 quibusdam
766 5170 935 5242 quasi
958 5170 1197 5226 floribus
1215 5172 1500 5227 exornat?
1540 5178 1713 5245 atque
1764 5174 1872 5231 hoc
1903 5191 2026 5233 mo-

370 5266 443 5318 do
479 5270 721 5334 utraque
751 5262 894 5330 haec,
927 5267 1065 5317 tune
1098 5263 1325 5332 aderas,
1359 5267 1416 5319 et
1461 5279 1615 5318 nunc
1674 5265 1831 5333 ades,
1881 5267 2028 5323 falsa

375 5365 503 5407 esse
536 5354 921 5408 demonstrat.
973 5351 1087 5406 Nec
1142 5353 1294 5409 enim
1346 5353 1467 5409 ﬁeri
1527 5358 1736 5425 potest,
1801 5361 1860 5410 ut
1905 5356 2028 5412 haec

374 5442 619 5508 utraque
650 5442 709 5495 in
741 5458 839 5497 eos
872 5447 1225 5514 competant,
1262 5443 1359 5516 qui
1419 5447 1624 5500 natura
1685 5445 1841 5501 unici
1885 5450 2026 5502 sunt

449 5608 496 5645 ⁵ο
527 5607 731 5663 Matth.
764 5625 839 5673 χι,
872 5616 961 5668 27.

2138 4639 2304 4705 tiam,
2339 4643 2395 4692 et
2425 4638 2979 4706 immutabilitatem,
3015 4639 3084 4694 de
3126 4641 3315 4696 brutis
3373 4643 3547 4696 etiam
3602 4648 3657 4696 et
3692 4644 3796 4699 bo-

2140 4729 2399 4784 mlnibus
2431 4729 2746 4792 enuntiari,
2771 4729 3095 4799 ingenitum
3129 4738 3319 4785 autem
3354 4732 3462 4786 soli
3525 4735 3641 4787 Deo
3700 4751 3797 4803 pe-

2137 4817 2355 4873 culiare
2388 4834 2534 4887 esse,
2587 4819 2810 4885 audies,
2859 4835 2930 4874 ne
2983 4823 3094 4874 Deo
3155 4820 3392 4891 quidem
3456 4822 3793 4893 ingenitum

2138 4908 2401 4964 attribui.
2436 4908 2732 4979 Siquidem
2761 4925 2826 4964 ex
2865 4909 3191 4965 Graecorum
3244 4911 3612 4982 philosOphis
3667 4913 3792 4968 Αι-ῐο

2138 4997 2373 5052 stoteles
2407 4998 2643 5068 quidem
2703 4997 3023 5070 ingenitum
3072 5000 3142 5054 de
3202 5001 3448 5055 materia
3489 5003 3796 5072 przedicat.

2137 5086 2299 5143 Plato
2330 5103 2462 5141 vero
2495 5087 2779 5142 essentias
2813 5087 3099 5158 ingenitus
3129 5094 3316 5144 vocat.
3354 5089 3527 5144 Porro
3588 5092 3796 5149 Manes

2139 5179 2252 5233 duo
2287 5177 2570 5249 principia
2620 5177 2954 5243 introducit,
3017 5195 3194 5233 unum
3251 5180 3489 5250 quidem
3543 5181 3797 5251 bonum,

2137 5268 2381 5323 alterum
2414 5283 2544 5322 vero
2576 5265 2798 5322 malum
2835 5283 2846 5321 :
2881 5271 2938 5322 et
2970 5267 3110 5322 illud
3145 5269 3375 5338 quidem
3432 5269 3651 5337 lucem,
3688 5273 3803 5329 hoc

2136 5356 2798 5428 verotenebraszatque
2855 5356 2999 5412 adeo
3045 5372 3112 5411 ex
3158 5358 3306 5412 bono
3333 5358 3624 5415 bonorum
3665 5364 3801 5417 ion-

2139 5454 2239 5513 tes,
2267 5449 2324 5502 at
2351 5462 2417 5502 ex
2442 5445 2593 5500 malo
2628 5446 2914 5502 malorum
2949 5446 3101 5502 rivos
3133 5446 3481 5518 profluxisse
3513 5450 3617 5503 ait.
