4090 6192
240 277 397 347 1405

878 422 1033 477 CAP.
1057 420 1245 477 XLIII.

236 530 311 585 De
347 532 466 585 Deo
495 530 546 583 cl
576 528 839 599 materia,
878 528 1048 655 geuge
1075 543 1175 583 nec
1206 526 1449 600 deﬁniri,
1500 546 1598 589 nec
1647 548 1891 606 compre-

917 614 980 654 θη
1028 615 1244 655 inesse.

917 614 1046 655 cna:
1071 615 1244 671 posse.

308 717 522 774 Adhaec
552 715 755 788 objicit
793 716 1114 773 Eunomius
1147 734 1161 774 :
1211 717 1390 776 Dicito
1433 720 1625 790 nobis,
1673 739 1889 794 quaeso,

238 807 290 864 si
319 806 647 878 ingenitum
681 809 938 861 ossentia
970 807 1067 862 Dei
1107 822 1221 862 non
1253 812 1363 875 est,
1418 811 1699 881 quidnam
1731 810 1890 868 aliud

240 897 498 953 essentia
532 895 627 951 Dei
652 896 730 950 sit
754 894 1096 952 ?Adversus
1128 912 1303 968 quam
1356 900 1737 971 quaestionem
1768 901 1891 960 haec

235 991 377 1043 sunt
406 986 772 1059 opponenda.
808 986 890 1040 An
922 1002 1055 1042 vero
1112 990 1297 1059 tuam,
1355 987 1507 1045 bone
1550 989 1655 1058 vir,
1689 1009 1891 1049 essen-

238 1076 381 1130 tiam
418 1079 475 1130 et
506 1078 774 1130 naturam
813 1074 1019 1130 nosti?
1073 1092 1145 1132 an
1207 1077 1480 1146 formicae,
1512 1096 1589 1135 an
1630 1080 1889 1138 culicis?

239 1165 518 1221 Caeterum
551 1164 659 1219 hoc
686 1163 790 1218 tibi
822 1163 1075 1219 vicissim
1110 1165 1299 1220 dicam
1324 1183 1336 1220 :
1360 1171 1485 1223 Duo
1515 1172 1656 1224 sunt
1686 1186 1886 1227 eorum

246 1269 377 1324 qua:
407 1257 546 1308 sunt
577 1255 854 1321 extreme,
889 1254 1041 1309 Deus
1084 1258 1140 1310 et
1196 1255 1460 1327 materia,
1520 1256 1616 1314 ille
1648 1258 1884 1332 quidem

249 1347 635 1413 ascendendo,
671 1347 790 1403 haec
819 1364 952 1403 vero
983 1348 1420 1408 descendendo:
1455 1357 1701 1426 postque
1757 1372 1883 1411 ma~

246 1438 448 1493 teriam
483 1435 625 1491 nihil
656 1436 895 1493 omnino
926 1448 1205 1507 superest.
1241 1439 1512 1503 Quaenam
1574 1458 1710 1516 ergo
1756 1461 1884 1499 ma-

240 1527 395 1581 teriae
426 1526 681 1583 essentia
713 1526 789 1581 sit
818 1529 837 1582 ἓ
871 1529 956 1582 An
986 1544 1118 1583 vero
1170 1544 1237 1584 ea
1293 1534 1381 1585 est
1436 1530 1691 1603 idipsum
1726 1533 1879 1605 quod

234 1620 343 1685 est,
377 1632 447 1671 an
482 1614 542 1671 id
572 1615 727 1688 quod
754 1615 1023 1672 nonest?
1079 1617 1223 1672 Nam
1275 1620 1322 1673 si
1363 1618 1441 1675 sit
1496 1621 1552 1676 id
1586 1621 1741 1693 quod
1772 1627 1880 1696 est,

237 1705 531 1779 quomodo
585 1706 767 1760 forma
825 1705 1032 1761 caret?
1072 1706 1279 1763 Forma
1328 1709 1483 1765 enim
1534 1712 1739 1769 notitia
1795 1719 1884 1769 est

1583 285 1982 357 THESAURI
2006 290 2157 355 LIB.
2204 292 2276 359 ν.

1917 428 1969 493 Α
2002 429 2155 498 quod
2188 432 2517 506 cujuspiam
2557 436 2709 495 alius
2741 455 2917 497 causa
2949 456 3063 498 non
3098 446 3206 514 est,
3238 443 3338 501 sed
3393 442 3451 498 id
3485 442 3643 515 quod

3492 302 3651 367 1406

2000 518 2391 590 antiquiorem
2422 527 2614 599 seipso
2645 545 2880 587 causam
2916 547 3029 587 non
3089 532 3286 590 habet.
3338 532 3639 605 Siquidem

1997 603 2241 683 ἀπάτορα
2269 630 2523 688 quoque,
2557 617 2665 674 hoc
2696 625 2803 691 est,
2836 621 3003 678 Patre
3034 628 3328 679 carentem
3386 603 3501 679 non
3551 622 3642 678 di-

1997 697 2189 756 cimus
2218 718 2353 758 eum
2387 705 2486 776 qui
2518 707 2645 763 Filii
2703 708 2873 766 Pater
2931 728 3045 768 non
3108 712 3328 783 audiat,
3379 714 3479 768 sed
3537 713 3639 783 qui

1996 786 2216 845 nulloa
2272 795 2442 849 Patre
2497 799 2890 866 processerit:
2944 806 3002 857 et
3052 798 3312 877 ἄναρχον,
3375 803 3482 858 hoc
3527 805 3639 871 est,

1998 877 2293 952 principio
2324 892 2637 955 carentem,
2670 902 2783 943 non
2815 890 2916 960 qui
2974 892 3216 948 aliarum
3251 892 3636 949 essentiarum

1994 966 2348 1040 principium
2379 972 2836 1048 haudquaquam
2861 979 3051 1050 fuerit,
3085 982 3186 1038 sed
3229 982 3399 1054 cujus
3430 997 3635 1038 essen-

1992 1057 2073 1113 tia
2101 1075 2334 1117 omnem
2365 1068 2683 1121 essentiam
2742 1074 3071 1140 exsuperet.
3130 1071 3253 1128 Non
3285 1073 3438 1128 enim
3470 1088 3634 1128 com-

1993 1148 2197 1204 munia
2228 1152 2519 1208 sunthaec
2555 1155 2807 1224 nomine,
2841 1156 2919 1213 ita
2954 1163 3015 1213 ut
3041 1160 3303 1232 ingenita
3331 1171 3384 1218 et
3414 1163 3631 1234 genita,

1990 1236 2130 1293 item
2166 1240 2454 1313 principio
2486 1244 2743 1300 carentia
2799 1252 2857 1301 et
2913 1263 3029 1302 non
3086 1250 3361 1316 carentia,
3394 1267 3496 1321 pro
3528 1252 3635 1307 iis-

1990 1326 2118 1382 dem
2148 1328 2208 1384 in
2251 1332 2443 1401 specie
2491 1334 2869 1405 accipiantur.
2930 1336 3076 1393 Nam
3136 1338 3631 1408 quemadmodum

1987 1416 2269 1485 Adamus,
2302 1419 2528 1477 etiamsi
2560 1438 2628 1478 ex
2657 1424 2877 1479 carnali
2907 1425 3119 1497 copula
3142 1426 3331 1482 decies
3363 1427 3634 1484 milleuos

1989 1508 2345 1578 suscepisset
2374 1508 2609 1579 liberos,
2642 1511 2796 1569 haud
2836 1518 3030 1570 tamen
3050 1517 3174 1587 ipse
3199 1515 3532 1586 bujusmodi
3565 1532 3634 1573 ex

1987 1595 2196 1667 copula
2224 1599 2457 1670 genitus
2479 1602 2787 1671 diceretur,
2843 1620 3031 1676 neque
3089 1622 3299 1661 nomen
3352 1608 3476 1675 ejus
3530 1608 3631 1679 qui

1986 1685 2220 1756 genitus
2241 1703 2311 1743 ex
2337 1689 2546 1761 copula
2564 1707 2679 1747 non
2707 1697 2818 1759 est,
2846 1709 2980 1749 cum
3021 1694 3091 1749 iis
3115 1695 3214 1766 qui
3238 1694 3419 1768 geniti
3439 1699 3634 1753 essent

236 1777 439 1850 eorum
474 1811 601 1865 quas
624 1799 782 1852 sunt.
829 1795 930 1851 Sin
984 1803 1174 1852 autem
1208 1796 1283 1852 sit
1332 1797 1389 1853 id
1439 1800 1592 1871 quod
1625 1818 1739 1858 non
1771 1807 1878 1870 est,
1912 1787 1958 1852 Β
1989 1777 2612 1871 °°m¥tP"°_“_“b"Pt=
2644 1781 2725 1871 ita
2757 1787 2814 1838 et
2839 1799 3153 1855 supremus
3210 1783 3309 1839 me
3364 1789 3519 1841 Deus
3548 1786 3631 1858 (at

231 1885 330 1955 qui
362 1884 520 1951 ﬁt,ut
541 1901 574 1939 a
596 1881 958 1956 philosophis
981 1885 1288 1942 deﬁniatur
1311 1892 1589 1961 tanquam
1620 1892 1675 1949 id
1721 1895 1875 1967 quod

235 1971 561 2029 est‘Hllam
614 1972 768 2027 enim
830 1971 1028 2043 ἀζώην,
1083 1975 1192 2031 hoc
1248 1981 1337 2032 est
1388 1979 1503 2035 vita
1559 1988 1873 2051 carentem,

230 2065 461 2127 vocant,
496 2065 551 2116 et
589 2061 1012 2134 incorporeum,
1073 2072 1245 2137 atque
1301 2066 1444 2125 adeo
1495 2068 1875 2144 hypostaseos

235 2151 737 2224 imaginationem,
766 2168 889 2208 eam
948 2154 1217 2225 denique,
1246 2173 1371 2229 quae
1427 2175 1559 2216 cum
1595 2161 1737 2217 nihil
1774 2165 1872 2232 sit,

231 2242 427 2296 omnia
482 2244 675 2297 tamen
734 2256 862 2298 esse
919 2242 1182 2315 tingitur,
1233 2248 1499 2304 essentia:
1556 2250 1872 2327 ludicrum,

227 2329 447 2385 idolum
481 2335 538 2386 et
568 2330 775 2387 umbra
796 2348 1030 2405 semper
1052 2334 1302 2405 fugiens,
1337 2341 1509 2408 atque
1541 2338 1601 2395 in
1629 2341 1684 2395 id
1719 2345 1871 2414 quod

236 2436 351 2475 non
385 2423 474 2475 est
503 2436 827 2476 recurrens.
848 2419 1114 2479 Edissere
1164 2424 1305 2478 mihi
1363 2443 1630 2497 quaenam
1666 2431 1745 2486 sit
1794 2450 1878 2489 ra-

239 2510 320 2564 tio
368 2508 647 2576 materiea,
706 2511 961 2580 tuncque
1026 2510 1286 2567 vicissim
1371 2514 1477 2570 tibi
1556 2518 1873 2578 edisseram

230 2614 496 2667 quisnam
557 2598 631 2654 sit
689 2598 958 2653 essentiae
1003 2598 1209 2656 divine
1267 2602 1547 2663 deﬁnitio.
1606 2610 1765 2676 Quod
1826 2613 1874 2669 si

228 2702 431 2741 eorum
461 2703 589 2759 quze
622 2690 759 2742 sunt
789 2692 1111 2743 extremum
1146 2689 1400 2763 ignoras,
1434 2700 1725 2767 quomodo
1757 2702 1874 2774 pri-

231 2790 393 2828 mum
446 2775 690 2847 adipisci
761 2780 816 2831 et
863 2778 1355 2850 comprehendere
1402 2787 1627 2844 conaris
1683 2790 1711 2845 ?
1762 2794 1877 2867 Age

227 2862 439 2929 vero,si
468 2862 527 2917 in
547 2862 754 2919 coelum
777 2864 1260 2940 volaretentares,
1295 2888 1367 2927 an
1398 2876 1599 2933 statim
1633 2879 1701 2935 ad
1748 2862 1876 2953 ejus

230 2951 755 3008 circumferentiam
778 2950 937 3010 nullo
960 2953 1304 3016 intermedio
1354 2965 1596 3036 propius
1649 2950 1879 3028 accede-

232 3039 591 3097 ros?nonue
651 3041 754 3097 tibi
806 3043 1061 3116 primum
1098 3051 1388 3108 secandus
1445 3061 1598 3112 esset
1654 3075 1771 3127 aer,
1816 3069 1876 3119 ut

231 3129 314 3184 sic
346 3130 415 3184 ad
449 3146 605 3197 eum,
638 3147 812 3203 quem
836 3149 1114 3193 vocamus
1143 3137 1411 3197 aztherem
1458 3145 1687 3202 venires
1720 3153 1874 3207 tum-
1914 3156 1957 3222 C

226 3234 344 3290 que
368 3218 578 3275 deinde
609 3221 866 3292 trajectis
933 3226 1211 3284 omnibus
1266 3228 1513 3303 sphmris
1562 3236 1633 3292 ad
1680 3237 1875 3311 ipsum

230 3308 359 3365 coeli
392 3308 676 3365 ambitum
704 3312 1107 3386 pertingeres?

304 3397 400 3453 Dei
432 3398 829 3456 definitionem
864 3404 1147 3477 postulas,
1181 3411 1461 3482 tanquam
1488 3414 1719 3487 ignores
1749 3435 1876 3481 eam

230 3503 359 3543 esse
388 3486 745 3546 deﬁnitionis
777 3494 1070 3564 naturam,
1131 3500 1194 3553 ut
1252 3486 1555 3559 definitum
1613 3507 1873 3570 definiat.

226 3576 300 3632 At
332 3576 701 3635 deﬁniensad
728 3580 950 3637 definiti
972 3584 1194 3642 scilicet
1236 3589 1535 3664 fastigium
1577 3599 1871 3661 ascendit:

227 3666 306 3721 ita
338 3670 403 3721 ut
435 3666 587 3723 Deus
642 3669 1055 3730 definientibus
1107 3676 1345 3734 inferior
1386 3682 1483 3739 sit.
1518 3686 1662 3750 Quid
1686 3687 1714 3744 ?
1742 3691 1871 3747 Ari-

221 3754 491 3811 stotelem
524 3774 638 3812 non
670 3760 861 3830 audis,
894 3778 1022 3817 cum
1042 3764 1123 3819 ait
1152 3766 1342 3825 simile
1371 3787 1475 3843 per
1494 3773 1682 3833 simile
1713 3795 1868 3836 com-

222 3844 509 3911 prehendi
544 3863 557 3903 :
590 3854 969 3923 oportereque
1028 3859 1092 3909 ut
1149 3872 1505 3929 cognoscens
1560 3866 1628 3921 ad
1678 3870 1871 3941 cogni-

214 3937 342 3989 tum
370 3936 689 4007 quamdam
717 3938 903 3994 ideam
928 3944 983 3997 et
1004 3942 1443 4004 similitudinem
1503 3936 1777 4014 habeat?w
1796 3963 1868 4016 Et

215 4027 371 4078 recte
405 4023 646 4095 quidem
680 4026 964 4085 hactenus
1025 4031 1304 4089 ariolatur
1348 4037 1758 4113 philosOphus,
1790 4046 1865 4103 si-

210 4111 453 4185 quidem
489 4124 553 4169 ut
583 4115 740 4170 canit
764 4117 1138 4188 Empedocles
1171 4138 1185 4176 :
1235 4122 1409 4181 Terra
1456 4111 1671 4187 terram
1714 4111 1866 4193 vide-

206 4218 361 4268 mus,
394 4206 456 4258 ut
487 4220 639 4275 aqua
670 4221 906 4275 aquam,
939 4208 1150 4265 aethere
1172 4211 1465 4287 aetherem,
1499 4219 1697 4277 anima
1737 4226 1861 4280 ani-

206 4308 391 4360 mam,
423 4308 488 4347 eo
519 4294 672 4365 quod
706 4298 794 4349 est
833 4295 890 4350 id
950 4298 1105 4368 quod
1159 4306 1268 4370 est,
1329 4313 1520 4364 mente
1578 4317 1859 4384 mentem,

201 4384 413 4437 natura
440 4384 731 4449 naturam,
751 4384 995 4441 materia
1017 4391 1342 4463 materiam,
1377 4394 1552 4452 forma
1591 4400 1857 4477 formam,

198 4475 262 4529 et
293 4486 472 4526 unum
507 4487 644 4526 uno.
680 4471 806 4527 Haec
830 4474 983 4530 enim
1018 4478 1216 4535 omnia
1248 4481 1416 4539 nobis
1463 4483 1686 4556 insunt,
1738 4471 1853 4549 ma;

197 4558 365 4628 teria,
400 4560 607 4628 forma,
632 4576 864 4634 corpus,
900 4567 1123 4638 natura,
1157 4568 1374 4642 animo,
1409 4589 1597 4647 mens,
1643 4595 1849 4639 unum.

196 4647 393 4705 Unum
426 4648 580 4704 enim
613 4665 719 4705 nos
753 4667 986 4724 quoque
1009 4671 1257 4714 sumus:
1305 4676 1418 4717 non
1470 4667 1660 4723 tamen
1718 4687 1853 4742 pro-

192 4736 323 4810 prie
356 4754 370 4794 :
405 4755 538 4794 nam
576 4739 815 4796 unitatis
858 4758 961 4797 seu
1023 4746 1454 4818 conjunctionis
1497 4736 1857 4823 ratione-uni

193 4826 472 4884 dicimur.

833 4918 987 4975 CAP.
1022 4919 1209 4980 XLIV.

186 5039 502 5134 Ingregitum
533 5056 643 5134 esse
680 5042 864 5129 Deum,
898 5049 1147 5134 quamvis
1178 5052 1523 5122 unigenitum
1564 5068 1843 5134 genuerit,

266 5110 482 5209 fill-um
513 5120 695 5209 antica:
718 5110 1057 5209 trigeminam.
1083 5137 1200 5209 non.
1248 5110 1843 5209 gingiua};

264 5182 388 5238 dem
426 5200 551 5239 cum
582 5186 748 5240 Patre
776 5187 1104 5248 substantiae
1131 5196 1222 5250 sit.

262 5307 596 5379 Ingenitum
631 5324 802 5381 porro
836 5328 949 5368 non
985 5313 1040 5370 id
1064 5331 1193 5374 esse
1224 5320 1500 5396 dicimus,
1534 5332 1688 5400 quod
1739 5335 1846 5390 mi-

189 5396 350 5452 nime
403 5403 664 5470 generat,
725 5400 828 5458 sed
887 5406 1043 5477 quod
1103 5407 1345 5467 minime
1398 5396 1658 5484 genitum
1709 5427 1840 5480 est:

191 5490 704 5561 quemadmodum,
762 5493 919 5549 verbi
951 5497 1160 5569 gratia,
1200 5501 1595 5580 incausatum,
1633 5526 1750 5568 non
1782 5513 1839 5569 id

258 5602 305 5637 δί
336 5604 483 5661 Psal.
517 5621 631 5678 cxx,
656 5607 709 5664 3.

1988 1865 2277 1937 propitius
2305 1865 2405 1922 ille
2437 1868 2579 1923 mihi
2606 1870 2703 1935 sit,
2762 1871 2864 1944 qui
2918 1888 2953 1928 a
3003 1888 3097 1929 me
3138 1872 3629 1932 similitudinibus

1987 1955 2100 2009 sub
2130 1968 2364 2011 sensum
2398 1958 2741 2015 cadentibus
2771 1960 3117 2033 delineatur)
3140 1980 3255 2020 non
3285 1964 3631 2022 abalienavit

1987 2061 2021 2100 a
2051 2059 2114 2099 se
2145 2044 2387 2115 ingeniti
2420 2062 2655 2115 nomen,
2688 2049 2863 2105 etiam
2895 2051 2943 2105 ei
3003 2052 3362 2124 unigenitum
3417 2054 3627 2110 Filium

1985 2137 2118 2188 ante
2150 2134 2476 2192 Luciferum
2506 2138 2790 2207 genuerit,
2848 2143 2913 2195 ut
2968 2156 3133 2198 sacra
3187 2144 3434 2200 testatur
3478 2144 3629 2200 Scri-

1987 2228 2158 2293 ptura
2186 2222 2251 2281 δι.
2284 2223 2398 2280 Nec
2428 2225 2585 2281 enim
2617 2226 2783 2283 Pater
2813 2244 2878 2284 eo
2933 2232 3088 2301 quod
3144 2232 3365 2304 genuit,
3414 2233 3626 2291 idcirco

1987 2311 2059 2366 ab
2091 2310 2527 2384 ingeneratione
2556 2316 2803 2373 excidit:
2846 2320 2945 2375 sed
2985 2321 3124 2392 quia
3178 2338 3291 2378 non
3353 2338 3423 2379 ex
3451 2338 3631 2381 causa

1983 2401 2276 2473 ingenitus
2306 2408 2363 2460 et
2394 2418 2681 2477 generans
2711 2409 3064 2467 constitutus
3102 2416 3211 2469 est.

2057 2492 2378 2549 Eunomius
2426 2500 2647 2563 autem,
2705 2497 2846 2555 dum
2906 2506 3097 2557 tenere
3178 2506 3377 2559 censet
3434 2503 3635 2577 genita

1987 2598 2121 2637 cum
2153 2581 2227 2638 iis
2259 2582 2320 2637 in
2352 2585 2629 2641 omnibus
2681 2587 3043 2660 participare,
3101 2607 3227 2662 quas
3277 2599 3630 2664 genuerunt,

1987 2670 2123 2727 inde
2154 2675 2419 2728 astruere
2448 2674 2697 2743 videtur,
2738 2678 2997 2747 genitum
3055 2678 3287 2750 Filium,
3322 2678 3457 2752 quia
3496 2698 3629 2739 cum

1985 2761 2152 2817 Patre
2181 2761 2440 2834 ingenito
2473 2765 2808 2837 participat,
2839 2767 3164 2840 ingenitum
3198 2785 3427 2842 quoque
3477 2773 3629 2828 futu-

1987 2866 2117 2907 rum
2146 2867 2160 2907 :
2192 2852 2409 2923 quibus
2440 2854 2632 2910 verbis
2661 2858 2913 2913 ostendit
2945 2874 3004 2914 se
3033 2859 3092 2914 in
3126 2860 3300 2917 rebus
3355 2861 3634 2935 theologi-

1987 2938 2070 2994 cis
2100 2942 2430 2997 Graecorum
2464 2945 2760 2999 versatum
2791 2959 2941 3013 esse,
3001 2945 3187 3018 iisque
3254 2949 3405 3005 male
3443 2951 3629 3009 abuti.

1987 3026 2074 3082 Illi
2108 3028 2262 3084 enim
2298 3031 2549 3087 unitates
2579 3038 2790 3089 vocant
2844 3037 3128 3092 essentias
3193 3037 3342 3108 illas,
3400 3056 3527 3111 qua:
3559 3042 3630 3096 ab

1989 3133 2105 3174 uno
2134 3119 2481 3189 procedunt.
2517 3124 2655 3177 Item
2695 3127 2939 3190 mentes,
2970 3142 3099 3195 quae
3129 3142 3163 3182 a
3192 3129 3382 3199 prima
3412 3134 3629 3183 mente.

1988 3207 2132 3264 Item
2166 3208 2331 3274 vitas,
2364 3224 2490 3280 quae
2523 3227 2556 3265 a
2586 3209 2726 3267 vita.
2761 3211 2903 3268 Item
2936 3228 3003 3268 ea
3033 3231 3159 3285 quas
3206 3223 3363 3283 sunt,
3396 3232 3524 3286 qum
3555 3218 3626 3273 ab

1984 3311 2051 3352 eo
2082 3296 2237 3369 quod
2270 3302 2376 3354 est.
2419 3302 2606 3370 Atque
2661 3299 2876 3357 idcirco
2936 3302 3100 3357 addit
3137 3302 3459 3374 ingenitum
3491 3321 3627 3378 quo-

1984 3401 2097 3458 que
2126 3386 2199 3442 ab
2225 3385 2487 3459 ingenito
2520 3390 2851 3461 procedere.

2051 3474 2156 3533 Cui
2187 3476 2425 3547 quidem
2459 3479 2809 3549 respondere
2865 3481 3054 3551 quivis
3105 3487 3296 3555 queat,
3340 3499 3405 3539 ea
3437 3500 3560 3555 quae
3593 3501 3627 3541 a

1979 3563 2284 3636 quibusvis
2336 3570 2690 3637 generantur
2746 3568 3202 3642 haudquaquam
3262 3571 3626 3630 beerediterio

1968 3653 2105 3723 jure
2137 3655 2522 3726 proprietates
2551 3672 2752 3713 eorum
2787 3659 3081 3731 indipisci,
3104 3661 3204 3716 sed
3238 3662 3625 3722 substantias:

1976 3746 2453 3817 quandoquidem
2486 3748 2696 3804 Sethus
2755 3749 2932 3806 homo
2979 3753 3216 3823 quidem
3247 3754 3376 3820 fuit,
3408 3755 3623 3828 quippe

1975 3833 2073 3905 qui
2102 3834 2174 3889 ab
2204 3834 2545 3905 hujusmodi
2578 3839 2830 3894 essentia
2860 3841 3145 3913 originem
3177 3845 3434 3912 traxerit,
3459 3849 3620 3902 caete-

1971 3938 2102 3977 rum
2135 3922 2382 3993 hujusce
2411 3926 2697 3999 particeps
2729 3944 2845 3984 non
2878 3929 3007 4000 fuit,
3042 3936 3107 3987 ut
3147 3933 3292 3989 citra
3346 3934 3614 4007 copulam

1970 4010 2263 4066 carnalem
2296 4018 2470 4070 natus
2503 4016 2694 4073 fuerit.
2725 4017 3074 4091 Hujusmodi
3106 4024 3259 4079 enim
3293 4025 3617 4097 proprietas

1969 4100 2106 4156 Adae
2138 4105 2349 4160 creatio
2381 4103 2533 4174 fuit;
2562 4110 2619 4162 et
2650 4107 2772 4163 Evae
2797 4108 2934 4181 illia,
2971 4111 3185 4168 femina
3204 4114 3436 4186 quidem
3469 4119 3616 4188 erat,

1966 4205 2166 4246 verum
2213 4206 2325 4248 non
2373 4198 2535 4250 costa
2589 4212 2620 4252 e
2668 4195 2846 4253 latere
2900 4200 3212 4257 subducta.
3273 4202 3401 4260 Haec
3459 4204 3615 4261 enim

1967 4279 2290 4351 proprietas
2322 4282 2449 4338 Evm
2482 4284 2591 4341 fuit
2624 4303 2639 4342 :
2699 4289 3188 4359 quemadmodum
3239 4292 3444 4347 Adami
3478 4310 3616 4365 pro-

1965 4370 2156 4439 prium
2193 4370 2300 4426 fuit
2330 4373 2592 4445 genitum
2628 4391 2741 4431 non
2774 4393 2923 4442 esse,
2958 4381 3059 4435 sed
3117 4379 3456 4437 formatum.
3502 4383 3614 4440 Ge-

1965 4459 2087 4515 nita
2122 4460 2276 4516 enim
2310 4464 2599 4519 essentias
2629 4463 2997 4523 hereditario
3021 4470 3153 4539 jure
3175 4471 3459 4539 obtinent,
3495 4488 3608 4530 non

1883 4527 2155 4604 Dantem
2216 4551 2593 4622 proprietates
2647 4556 2917 4613 essentiis
2995 4558 3359 4617 inhaerentes.
3419 4564 3603 4629 Quare

1961 4655 2275 4712 supremus
2306 4639 2403 4696 ille
2434 4641 2588 4699 Deus
2618 4643 2688 4699 ab
2720 4643 3158 4716 ingeneratione
3215 4668 3331 4708 non
3370 4654 3601 4726 excidit,

1967 4730 2233 4800 quamvis
2265 4729 2472 4786 Filium
2520 4734 2829 4803 genuerit:
2891 4752 3078 4809 neque
3134 4741 3368 4811 genitus
3427 4743 3609 4801 Filius

1962 4819 2023 4874 in
2057 4819 2380 4891 ingenitum
2413 4821 2805 4895 degeneravit,
2874 4824 3005 4896 quia
3062 4828 3133 4882 ab
3185 4831 3442 4902 ingenito
3474 4850 3605 4906 pro-

1960 4907 2155 4965 cessit.

2592 5040 2746 5097 CAP.
2800 5042 2973 5102 XLV.

1955 5152 2082 5208 Αιιά
2140 5153 2405 5209 Eunomii
2459 5155 2712 5241 otiootio,
2768 5163 3252 5241 fatremunomen
3307 5180 3426 5224 esse
3502 5184 3605 5241 quo

2306 5227 2543 5284 essentia
2572 5229 2657 5283 vel
2686 5231 2839 5286 actio
2866 5232 3235 5304 signiﬁcetur.

2023 5337 2373 5409 Hujusmodi
2416 5343 2715 5413 problems
2771 5345 3234 5407 malitiosissime
3290 5355 3602 5415 confictam

1953 5426 2291 5484 sublnt‘erre
2322 5430 2473 5486 solet
2495 5431 2835 5490 Eunomius.
2871 5436 3014 5493 Cum
3062 5440 3217 5496 enim
3243 5442 3450 5501 Filium
3484 5462 3598 5505 non

1952 5518 2023 5572 ad
2044 5519 2308 5576 eamdem
2336 5537 2469 5577 cum
2508 5522 2674 5580 Patre
2696 5526 3091 5587 substantiam
3117 5532 3405 5592 adducere
3440 5538 3596 5609 velit,
