4090 6192
443 332 596 392 1407

1740 320 2048 387 ΝΙΟΕΤιΕ
2089 317 2517 380 CHONIATJE

3708 322 3875 381 1408

447 475 500 525 et
531 469 639 523 hoc
666 464 886 531 multis,
921 469 984 519 ut
1015 464 1125 518 sibi
1174 463 1421 529 videtur,
1481 461 1802 518 rationibus
1861 456 2085 530 probet,
2118 459 2174 522 Α
2209 455 2346 511 liam
2388 470 2490 510 seu
2525 453 2985 526 replicationem,
3044 471 3109 510 ea
3165 456 3236 511 de
3268 472 3445 511 causa
3480 471 3648 510 nunc
3689 454 3874 511 altero

446 559 564 614 imo
597 574 729 612 vero
761 554 1178 626 quzesticnilms
1212 553 1560 622 quibusdam
1621 549 1896 607 obsoletis
1966 553 2093 603 uta-

444 653 559 715 tur,
594 652 766 717 atqus
801 648 879 699 ita
921 645 1220 715 proprium
1282 644 1493 714 dogma
1564 645 1864 712 proponat,
1924 635 2094 708 quasi

443 737 493 792 ei
525 733 844 792 contradici
877 749 992 787 non
1027 732 1232 804 possit,
1261 748 1325 786 eo
1351 733 1436 796 fit,
1473 735 1534 786 ut
1567 747 1637 786 ne
1671 746 1824 785 nunc
1856 725 2091 799 quidem

443 830 599 882 recta
630 825 932 878 nominum
997 822 1423 891 significatione
1477 824 1694 875 utatur.
1756 823 1886 873 Haec
1935 816 2092 872 enim

445 915 559 970 duo
592 912 852 978 domina,
887 911 1142 967 essentia
1169 915 1225 965 et
1255 911 1424 972 actio,
1451 908 1610 964 nullo
1633 909 1792 964 valut
1813 907 2095 962 interme-

447 1003 543 1059 dio
567 1007 811 1074 usurpat
838 1019 850 1068 ;
872 1005 1088 1066 censet,
1115 1001 1306 1056 nescio
1330 1016 1444 1071 quo
1463 999 1696 1054 doctore
1727 1013 1888 1061 usus,
1923 1011 2096 1050 omne

447 1109 659 1148 nomen
692 1091 776 1146 vel
806 1090 1072 1145 essentiae
1103 1089 1542 1160 signiﬁcativum
1597 1104 1746 1151 esse,
1779 1086 1864 1139 vel
1915 1084 2094 1139 actio-

446 1185 560 1242 nis.
594 1183 738 1248 Quia
766 1197 898 1236 vero
939 1179 1277 1249 hujusmodi
1307 1179 1613 1234 nominum
1648 1177 1966 1231 insinuatio
2022 1174 2094 1229 ab

446 1273 544 1327 ille
576 1271 699 1326 solo
727 1269 980 1340 cognita,
1014 1268 1100 1323 vel
1135 1268 1327 1339 potius
1385 1268 1603 1332 efﬁcta,
1659 1265 2095 1338 quodammodo

446 1362 519 1417 ad
550 1360 819 1415 haeresim
854 1357 1231 1414 astruendam
1265 1357 1528 1412 conferre
1584 1356 1835 1419 videtur,
1881 1353 2096 1409 idcirco

446 1451 806 1518 interrogat:
838 1447 1025 1502 Patris
1045 1446 1277 1502 nomine
1299 1446 1630 1501 essentiane
1649 1461 1715 1498 ac
1737 1443 1887 1497 actio
1910 1442 2096 1513 signi-

448 1537 693 1594 ficetur?
725 1542 788 1592 ut
819 1537 867 1592 si
902 1534 1217 1590 essentiam
1275 1533 1592 1605 significari
1649 1532 1938 1598 dicamus,
2000 1529 2098 1586 ille

448 1629 583 1683 inde
615 1627 848 1689 inferat,
884 1625 927 1678 si
961 1625 1098 1694 quid
1138 1628 1342 1693 prmter
1393 1623 1614 1677 Patrem
1675 1621 1771 1690 sit,
1832 1621 2097 1675 essentia:

451 1718 510 1772 id
547 1733 659 1771 non
684 1731 810 1770 esse
845 1729 1014 1770 :cum
1039 1713 1349 1768 essentiam
1389 1713 1552 1767 Pater
1578 1711 1688 1766 sibi
1710 1725 2098 1782 prazsumpse-

2206 560 2364 599 nunc
2405 542 2671 614 utrisque
2702 545 3124 615 tempestiviter
3153 551 3209 600 et
3250 546 3513 616 apposite
3572 546 3879 600 abutitur.

2203 633 2532 704 Utrumque
2563 640 2756 690 autem
2801 635 3029 705 utrique
3059 633 3237 688 nullis
3269 634 3644 706 exigentibus
3692 651 3880 704 nego-

2204 723 2304 777 tiis
2339 721 2646 793 praeponit.
2700 722 2959 794 Exempli
3016 723 3206 794 gratia
3261 722 3356 777 hic
3415 721 3752 793 przepositze
3797 724 3882 778 in-

2204 814 2431 866 stantiae
2487 827 2590 866 seu
2633 811 2992 866 contentioni
3053 811 3443 866 resistentium
3475 829 3580 866 seu
3619 812 3880 881 replica-

2204 900 2422 954 tionem
2457 899 2654 954 statim
2719 899 3046 970 subjunxit.
3103 900 3247 955 Nam
3303 901 3349 955 si
3410 906 3671 971 utraque
3717 902 3880 955 refu-

2205 993 2426 1056 tentur,
2459 988 2676 1060 quibus
2711 990 3060 1044 metuendus
3091 988 3186 1044 ille
3216 989 3303 1042 vir
3350 994 3655 1043 certamen
3720 989 3878 1044 elato

2206 1078 2517 1149 supercilio
2549 1079 2853 1149 ingressus
2883 1083 2996 1146 est,
3031 1079 3449 1134 hocinstantire
3490 1079 3710 1134 ascribi
3748 1095 3875 1134 me-

2206 1169 2314 1222 rito
2361 1167 2544 1238 possit
2603 1185 2617 1223 :
2669 1173 2726 1223 at
2783 1169 2829 1223 si
2891 1174 3140 1240 utraque
3197 1173 3536 1236 sumantur,
3587 1175 3645 1224 ct
3704 1186 3874 1225 more

2208 1257 2523 1328 peritorum
2561 1259 2821 1328 pugilum
2847 1275 3018 1329 supra
3041 1264 3205 1313 stans
3227 1259 3607 1313 adversarius
3631 1259 3873 1329 dejicie-

2205 1350 2322 1410 tur,
2355 1345 2568 1412 quibus
2599 1345 2770 1415 dejici
2830 1362 3001 1418 posse
3063 1346 3220 1400 visus
3274 1351 3382 1412 est,
3441 1346 3553 1401 hoc
3611 1363 3751 1402 vero
3807 1347 3876 1400 ad

2207 1431 2657 1507 ἀντιπαράστασιν
2691 1452 2791 1491 seu
2824 1436 3214 1491 resistentium
3247 1437 3524 1507 pertinet.

2279 1527 2604 1582 Eunomius
2635 1543 2770 1598 ergo
2824 1528 3077 1582 alienare
3135 1527 3332 1583 volens
3367 1545 3400 1582 a
3432 1528 3605 1583 Patre
3642 1528 3882 1597 Filium,

2207 1631 2421 1686 eosque
2452 1615 2815 1672 diversarum
2849 1617 3234 1672 essentiarum
3261 1633 3392 1672 esse
3435 1622 3681 1688 putans,
3745 1621 3885 1687 quia

2210 1706 2451 1760 nomina
2482 1707 2554 1760 iis
2590 1707 2817 1760 diversa
2849 1712 3010 1772 sunt,
3041 1705 3214 1760 aliam
3258 1705 3501 1777 quidem
3552 1708 3882 1763 essentiam

453 1808 548 1862 rit.
584 1807 785 1876 Itaque
816 1803 863 1858 si
893 1803 1076 1869 Pater,
1111 1807 1400 1872 quatenus
1449 1805 1638 1869 Pater,
1697 1801 1949 1854 essentia
2001 1799 2099 1867 sit,
2135 1829 2179 1893 Β
2211 1795 2433 1849 nomini
2463 1798 2648 1850 Patris
2681 1795 2928 1860 afﬁnxit,
2956 1796 3075 1849 imo
3105 1811 3234 1850 vero
3296 1795 3546 1851 diversis
3597 1797 3883 1852 essentiis

451 1893 654 1960 Filius,
688 1900 976 1964 quatenus
1003 1891 1202 1957 Filius,
1236 1890 1487 1946 essentia
1545 1907 1660 1944 non
1703 1893 1829 1944 est:
1877 1888 1964 1943 sin
1998 1905 2100 1944 ve-

451 1984 572 2047 riti,
606 1999 676 2038 ne
709 1981 915 2036 Filium
967 1980 1222 2036 essentia
1282 1984 1571 2035 carentem
1634 1978 2102 2044 introducamus,

451 2072 637 2128 Patris
698 2070 935 2125 nomine
992 2069 1275 2124 actionem
1330 2067 1648 2138 significari
1705 2066 2102 2136 profiteamur,

449 2167 570 2217 tum
592 2177 699 2214 nos
731 2159 924 2214 acrius
955 2157 1186 2227 urgebit
1216 2157 1332 2220 ille,
1367 2163 1539 2227 atque
1573 2156 1644 2210 ad
1678 2156 1891 2226 dogma
1930 2169 2104 2207 suum

453 2248 949 2320 comprobandum
989 2246 1227 2302 alliciet.
1260 2246 1405 2300 Nam
1438 2245 1486 2300 si
1521 2244 1667 2299 nihil
1702 2243 1858 2298 aliud
1900 2248 2108 2314 praeter

452 2339 761 2406 actionem,
797 2336 1032 2392 nomine
1092 2334 1281 2390 Patris
1331 2335 1658 2400 denotetur,
1721 2348 1958 2387 necesse
2017 2336 2107 2386 est

455 2428 677 2499 aliquid
703 2442 852 2492 esse,
885 2427 1041 2496 quod
1077 2434 1262 2480 actum
1297 2423 1485 2480 fuerit.
1519 2422 1686 2478 Actio
1735 2423 1892 2477 enim
1925 2420 2104 2475 alicu-

444 2518 546 2588 jus
568 2519 652 2570 est
684 2514 836 2584 quod
861 2514 1074 2584 agitur.
1113 2517 1240 2568 Jam
1276 2513 1415 2584 quid
1449 2513 1606 2567 aliud
1642 2511 1715 2566 ab
1751 2509 1858 2564 hoc
1911 2509 2105 2564 nomi-

456 2620 528 2660 ne
563 2608 802 2675 paterno
836 2607 1026 2658 actum
1062 2608 1171 2667 est,
1207 2609 1411 2673 praeter
1445 2600 1651 2656 Filium
1676 2599 1703 2653 ?
1729 2599 1787 2653 Si
1818 2598 1972 2652 enim
2009 2600 2108 2651 Pa-

455 2699 542 2750 ter
576 2693 698 2748 Filii
732 2692 918 2762 Pater,
953 2697 1010 2746 et
1042 2692 1210 2748 Pater
1241 2690 1388 2746 actio
1445 2693 1554 2756 est,
1615 2697 1764 2744 certe
1823 2686 1998 2741 Filius
2046 2685 2105 2740 id

455 2783 587 2851 erit,
621 2782 774 2853 quod
805 2781 1080 2853 θείων.δί
1114 2795 1247 2850 ergo
1279 2780 1422 2834 alter
1464 2779 1604 2850 agit,
1661 2780 1717 2832 et
1773 2775 1919 2831 alter
1978 2775 2104 2846 agi-

455 2878 571 2942 tur,
609 2887 734 2942 quae
770 2871 942 2926 verba
973 2871 1215 2925 diversae
1246 2872 1384 2922 sunt
1430 2867 1717 2932 essentia},
1760 2873 1822 2919 ut
1873 2865 1929 2917 in
1964 2864 2106 2918 arti-

460 2964 567 3016 bus
601 2965 859 3032 apparet,
921 2965 1074 3015 certe
1133 2959 1374 3014 diversas
1433 2973 1665 3028 quoque
1712 2973 1743 3009 a
1776 2958 1936 3009 Patre
1967 2953 2105 3008 sub-

461 3049 690 3105 stantiae
724 3050 902 3104 Filius
929 3054 1015 3104 est
1051 3064 1063 3103 :
1097 3047 1586 3118 quemadmodum
1621 3047 1679 3100 et
1702 3046 1894 3098 statua
1919 3041 2105 3097 diver-

458 3156 583 3196 sam
621 3139 795 3194 habet
827 3155 860 3193 a
891 3137 1168 3194 statuurio
1201 3141 1496 3192 naturam.

528 3232 772 3298 Magnus
805 3242 974 3298 porro
1034 3231 1204 3282 Pater
1256 3224 1350 3279 ille
1409 3223 1720 3295 Gregorius
1764 3222 2099 3292 ambiguam
2139 3187 2182 3254 θ

455 3318 722 3370 Eunomii
755 3318 1138 3386 qumstionem
1173 3315 1456 3371 subvertit
1489 3332 1502 3370 :
1537 3317 1593 3369 et
1645 3318 1954 3384 utramque
1999 3312 2102 3367 ob-

448 3403 724 3472 jectionis
757 3409 978 3471 partem
1017 3408 1080 3458 ut
1128 3405 1464 3471 absurdam,
1496 3403 1778 3458 destruxit
1829 3402 1921 3456 his
1973 3417 2096 3455 ver-

453 3490 583 3546 bis:
621 3489 817 3561 Neque
847 3506 978 3544 vero
1031 3491 1298 3545 essentia;
1356 3492 1542 3556 Pater,
1609 3506 1798 3560 neque
1859 3490 2101 3546 actionis

453 3599 666 3639 nomen
699 3587 810 3648 est,
842 3583 942 3638 sed
1002 3581 1260 3647 habitus,
1319 3586 1376 3635 et
1434 3582 1588 3637 modi
1635 3584 1786 3652 quod
1835 3599 1895 3637 se
1927 3582 2102 3638 habet

454 3672 635 3729 Filius
659 3671 726 3727 ad
761 3688 915 3736 eum,
953 3688 985 3726 a
1017 3687 1131 3742 quo
1165 3669 1597 3726 denominatur.
1644 3670 1858 3724 Deinde
1907 3686 2103 3741 quem-

455 3763 772 3818 admodum
833 3765 1106 3817 strenuus
1147 3758 1359 3831 aliquis
1420 3758 1591 3815 miles
1650 3759 1831 3815 armis
1887 3759 2102 3830 quibus

453 3851 778 3907 instructus
808 3859 926 3906 erat
959 3850 1267 3905 subactum
1310 3848 1537 3904 hostem
1597 3850 1784 3904 denuo
1837 3850 2098 3920 aggredi-

454 3946 573 4010 tur,
604 3945 660 3996 et
689 3939 882 4012 gladio
914 3958 945 3996 e
1002 3941 1277 3995 manibus
1330 3940 1576 4009 alnj‘ecto,
1635 3939 1862 3994 hastam
1904 3939 2102 3994 adver-

456 4031 592 4086 sarii
627 4031 854 4100 arripit,
893 4047 1008 4100 qua
1067 4029 1234 4084 illum
1294 4029 1662 4096 transfodiat,
1720 4029 2101 4100 quemadmo-

457 4120 622 4185 dum,
656 4119 811 4172 verbi
845 4118 1046 4187 gratia,
1077 4118 1280 4173 fecisse
1330 4118 1512 4172 fertur
1569 4118 1733 4172 rufus
1790 4117 1887 4172 ille
1947 4118 2104 4172 Davi-

455 4207 558 4261 des
588 4211 644 4262 et
675 4205 915 4278 pulcher
944 4211 1204 4278 aspectu,
1241 4206 1348 4261 hoc
1379 4211 1466 4261 est
1498 4206 1705 4277 agendi
1746 4211 1802 4261 et
1851 4215 2104 4262 contem-

455 4294 654 4366 plandi
708 4295 945 4350 solertia
992 4295 1204 4350 clarus.
1265 4297 1425 4358 Quod
1505 4295 1661 4350 enim
1723 4294 1851 4349 rufo
1911 4296 2101 4351 colore

455 4384 717 4443 suflusus
777 4386 972 4449 fuerit,
1031 4384 1425 4440 certissimum
1488 4383 1738 4439 assidua;
1822 4384 1983 4440 illius
2039 4386 2098 4440 in

456 4475 680 4546 agendo
713 4473 1013 4528 industria:
1054 4473 1382 4545 symbolum
1409 4473 1552 4529 fuit:
1601 4474 1755 4545 quod
1805 4491 1936 4529 vero
1971 4475 2098 4546 pul-

2211 1885 2441 1940 diversa
2488 1903 2722 1957 quoque
2778 1885 3019 1942 nomina
3074 1884 3332 1940 tribuit:
3388 1904 3455 1940 ea
3515 1887 3674 1941 male
3734 1887 3883 1942 acci-

2211 1974 2398 2044 piens,
2434 1992 2560 2046 quve
2589 1994 2618 2029 a
2650 1975 3020 2046 philosophis
3051 1973 3369 2040 dicuntur;
3404 1974 3486 2028 ait
3520 1976 3683 2030 enim
3719 1981 3878 2031 τεαῖ-

2209 2061 2330 2116 lum
2365 2072 2419 2118 et
2445 2070 2599 2120 terra
2629 2065 2876 2119 diversis
2908 2068 2960 2119 et
3022 2062 3517 2133 appellationibus
3577 2069 3636 2118 et
3679 2081 3877 2119 essen-

2208 2163 2308 2216 tiis
2341 2159 2617 2215 ditl'erunt
2659 2170 2674 2220 ;
2715 2155 2917 2209 eodem
2953 2169 3086 2223 ergo
3121 2153 3296 2207 modo
3322 2159 3488 2208 Pater
3517 2161 3575 2208 et
3633 2154 3823 2208 Filius
3861 2172 3874 2221 ;

2211 2264 2462 2322 quorum
2518 2245 2674 2301 enim
2735 2243 2974 2298 nomina
3039 2241 3276 2297 diversa
3329 2247 3478 2310 sunt,
3538 2259 3746 2297 eorum
3813 2249 3882 2298 et

2208 2337 2472 2396 essentia:
2505 2336 2767 2390 diversae.

2282 2428 2451 2482 Pater
2482 2430 2667 2478 autem
2723 2421 3039 2491 Gregorius
3097 2421 3178 2476 ita
3234 2422 3548 2492 respondet
3577 2438 3593 2474 ι
3628 2423 3785 2487 Quia
3819 2422 3883 2476 in

2214 2517 2436 2588 magnis
2467 2512 2794 2568 luminibus
2824 2511 3083 2580 caecutis,
3118 2511 3388 2576 Eunomi,
3423 2511 3623 2582 aspice
3664 2511 3742 2565 ad
3779 2511 3890 2564 mi-

2212 2606 2373 2662 nima
2407 2621 2421 2671 ;
2456 2601 2868 2658 communibus
2898 2601 3206 2654 hominum
3264 2599 3654 2670 opinionibus
3711 2600 3888 2654 ﬁdem

2211 2692 2736 2761 adhibe,nimirum
2764 2707 2776 2744 :
2803 2689 3095 2760 Quidquid
3122 2690 3407 2762 gignitur,
3433 2691 3598 2745 Patri
3628 2691 3888 2746 consub-

2210 2784 2481 2840 stantiale
2513 2787 2599 2838 est
2629 2798 2642 2847 ;
2677 2780 2972 2834 hominem
3006 2779 3159 2834 enim
3187 2779 3385 2847 homo,
3417 2796 3616 2850 equus
3643 2797 3884 2851 equum,

2211 2872 2530 2945 delphinus
2562 2869 2901 2940 delphinum
2925 2874 3288 2940 generatzet
3308 2869 3434 2923 haec
3480 2869 3696 2924 omnia
3737 2870 3886 2925 inter

2211 2981 2273 3020 se
2305 2957 2830 3018 consubstantialia
2853 2961 3011 3013 sunt.
3045 2958 3557 3022 Quemadmodum
3615 2975 3760 3031 ergo
3791 2975 3881 3030 ge-

2211 3053 2406 3109 nitura
2437 3050 2495 3106 in
2520 3049 2612 3104 his
2643 3066 2676 3102 a
2709 3056 2944 3119 parente
2967 3046 3197 3103 diversa
3259 3064 3375 3102 non
3439 3048 3665 3113 evadit,
3701 3050 3800 3104 sed
3829 3049 3876 3101 ei

2212 3143 2406 3214 potius
2440 3139 2707 3206 cohaeret,
2769 3138 3014 3208 ejusque
3073 3141 3342 3191 naturam
3409 3137 3632 3201 induit,
3668 3139 3745 3192 ita
3800 3142 3875 3204 et,

2213 3233 2260 3289 si
2292 3230 2483 3286 Patris
2516 3228 2751 3283 nomine
2799 3226 3114 3281 essentiam
3177 3225 3505 3296 significari
3569 3227 3870 3290 concedas,

2213 3320 2423 3376 Filium
2457 3317 2610 3373 Patri
2643 3315 3103 3388 conglutinabis,
3161 3321 3219 3370 ct
3275 3315 3821 3371 consubstantiabis
3856 3332 3874 3372 :

2213 3406 2686 3480 quandoquidem
2719 3401 3126 3460 substantialis
3181 3403 3376 3458 Patris
3435 3406 3717 3474 genitura
3771 3412 3879 3458 est.

2213 3497 2493 3562 Quocirca
2525 3494 2575 3550 si
2597 3491 3004 3549 communium
3067 3493 3400 3559 notionum,
3434 3498 3495 3547 et
3544 3494 3638 3547 vis
3671 3493 3876 3547 horum

2212 3583 2629 3643 vocabulorum
2664 3581 2810 3636 ratio
2843 3580 3150 3648 habeatur,
3183 3580 3433 3636 cohaeret
3483 3582 3642 3636 Patri
3678 3581 3881 3648 Filius,

2211 3691 2316 3730 nec
2348 3674 2420 3729 ab
2453 3690 2519 3728 eo
2565 3672 2833 3726 diversus
2889 3675 3000 3724 est.
3061 3669 3134 3725 Ut
3190 3669 3344 3724 enim
3409 3670 3646 3741 genitor
3704 3671 3880 3725 homo

2211 3765 2406 3836 genito
2439 3762 2596 3834 prior
2625 3765 2734 3826 est,
2793 3759 2873 3814 ita
2934 3759 3100 3814 Pater
3155 3765 3214 3814 et
3279 3759 3456 3813 Filius
3486 3759 3666 3812 simul
3696 3760 3879 3814 ambo

2214 3858 2389 3909 sunt:
2423 3852 2525 3906 sed
2560 3867 2666 3905 nos
2696 3850 2767 3903 ab
2799 3865 2864 3904 eo
2897 3847 3049 3920 quod
3114 3858 3307 3919 patres
3367 3864 3472 3901 non
3504 3863 3761 3913 eramus,
3800 3848 3867 3901 id

2213 3942 2450 3998 tandem
2478 3939 2812 4005 evasimus;
2849 3941 3207 4009 quapropter
3238 3943 3303 3991 ut
3329 3935 3584 3990 homines
3623 3937 3879 4007 generis

2215 4029 2655 4104 praerogativam
2689 4028 2747 4082 in
2783 4027 2934 4082 filios
2964 4027 3271 4092 habemus,
3307 4033 3364 4080 at
3392 4031 3452 4079 ut
3484 4031 3683 4097 patres
3728 4041 3886 4081 con-

2215 4118 2629 4176 substantiales
2651 4117 2771 4171 illis
2793 4120 2849 4172 et
2870 4114 3339 4185 contemporanei
3364 4130 3573 4169 sumus
3604 4130 3618 4168 :
3675 4131 3899 4185 supre-

2215 4227 2348 4264 mus
2379 4213 2573 4263 autem
2604 4206 2870 4262 omnium
2908 4211 3079 4271 Deus,
3105 4221 3239 4258 cum
3278 4205 3349 4258 ab
3382 4211 3599 4258 aeterno
3663 4205 3746 4258 sit
3785 4205 3900 4260 Pa-

2213 4304 2319 4363 ter,
2353 4297 2560 4350 Filium
2611 4294 2864 4366 tempori
2923 4310 3035 4350 non
3089 4293 3428 4358 obnoxium,
3463 4292 3709 4365 sibique
3743 4310 3901 4348 com-

2213 4391 2442 4442 ternum
2477 4385 2760 4441 habet.Ex
2790 4401 2905 4455 quo
2939 4384 3335 4453 consequitur,
3371 4383 3418 4438 si
3479 4386 3602 4437 vim
3670 4383 3900 4440 horum

2212 4474 2630 4531 vocabulorum
2665 4479 2913 4545 spectes,
2949 4479 3014 4528 ut
3044 4473 3223 4527 Filius
3286 4490 3318 4527 a
3375 4472 3548 4526 Patre
3611 4473 3904 4530 diversus

454 4563 593 4617 cher
611 4569 874 4632 aspectu,
908 4563 1260 4633 perspicacis
1288 4562 1743 4631 animiejusdem
1791 4579 2100 4634 argumen-
2133 4554 2178 4619 D
2213 4580 2513 4635 nunquam
2549 4563 2724 4617 fuerit
2765 4578 2874 4617 nec
2922 4561 3179 4616 essentia
3223 4576 3328 4615 nec
3381 4560 3753 4633 συνυπάρξει,
3791 4563 3905 4617 hoc

453 4655 577 4703 tum
604 4650 1146 4706 manifestissimum
1175 4651 1414 4705 exstitit.
1436 4650 1536 4707 Hic
1553 4653 1706 4707 enim
1730 4651 1903 4707 simul
1928 4657 2100 4723 atque

451 4739 628 4792 funda
653 4737 987 4793 Goliathum
1021 4739 1251 4809 dejecit,
1283 4739 1476 4811 gladio
1524 4743 1654 4810 ejus
1712 4741 1916 4812 vagina
1954 4743 2094 4797 edu-

449 4827 938 4900 cto,tyrannicum
971 4826 1112 4882 illud
1145 4827 1196 4883 ei
1227 4833 1402 4899 caput
1431 4829 1702 4884 abscidit.

520 4917 630 4972 Sed
687 4915 802 4970 hare
856 4916 1308 4971 studiosioribus
1377 4916 1746 4973 discutienda
1807 4917 2094 4991 relinquo.

448 5007 584 5070 Quae
609 5023 779 5078 porro
797 5023 864 5061 ex
887 5005 1184 5062 rhetorum
1211 5006 1470 5062 fontibus
1493 5007 1831 5076 depromere
1881 5026 2093 5082 possu-

449 5114 602 5164 mus,
636 5097 786 5153 eain
821 5097 1102 5154 medium
1131 5099 1520 5170 proferantur.
1553 5098 1694 5154 Cum
1754 5100 1907 5154 enim
1957 5100 2098 5154 divi-

444 5187 675 5245 nusille
706 5186 795 5241 vir
856 5187 975 5242 hinc
1038 5187 1152 5242 duo
1210 5187 1605 5242 instrumenta
1664 5188 1977 5244 rhetorices
2022 5191 2092 5244 ad

442 5277 801 5348 objectiones
837 5275 1302 5332 adversariorum
1365 5277 1750 5331 confutandas
1810 5278 2097 5349 praecipua

442 5381 568 5421 esse
610 5369 808 5430 sciret,
853 5366 1134 5421 nimirum
1194 5361 1435 5418 ἔνστασιν
1506 5371 1564 5421 et
1619 5365 2091 5437 ἆντιπκράστασιν,

441 5449 498 5504 id
533 5464 617 5508 est
648 5455 983 5510 instantiun
1040 5471 1143 5510 seu
1204 5454 1664 5524 contentionem,
1707 5461 1763 5512 et
1817 5457 2094 5512 resisten-

517 5612 561 5645 δ’
595 5615 615 5666 Ι
647 5613 786 5682 Reg.
819 5618 1040 5684 xv1,51.

2209 4660 2317 4723 est,
2348 4651 2870 4718 consubsistentia,
2903 4650 3076 4706 liceat
3105 4654 3260 4705 certe
3313 4650 3608 4706 actionem
3649 4669 3908 4724 quoque

2210 4743 2422 4812 dicere,
2456 4742 2504 4797 si
2535 4740 2620 4795 ita
2648 4741 2900 4795 videtur.
2960 4743 3033 4794 At
3091 4739 3211 4792 fieri
3250 4744 3459 4810 potest,
3511 4745 3578 4794 ut
3610 4739 3722 4796 his
3761 4745 3909 4797 sub-

2209 4831 2502 4902 scribatis,
2539 4831 2689 4885 ultro
2748 4829 2993 4902 pedibus
3053 4834 3314 4883 nostram
3391 4828 3453 4883 in
3513 4834 3908 4887 sententiam

2208 4922 2539 4978 ituri:nos
2569 4924 2763 4975 autem
2822 4918 2932 4978 hoc
2989 4934 3222 4990 quoque
3279 4918 3448 4973 modo
3510 4918 3632 4974 tela
3705 4927 3911 4978 vestra

2208 5009 2597 5067 retundimus.

2845 5097 3006 5154 CAP.
3037 5095 3231 5152 XLVI.

2205 5191 2330 5261 Ipsa
2357 5204 2428 5244 ex
2458 5189 2673 5242 actione
2703 5183 2996 5261 ὁμοοιᾷσιον
3030 5183 3366 5261 etuccscerg,
3397 5183 3499 5261 hoc
3555 5193 3678 5254 est,
3736 5189 3914 5244 simul

2402 5269 2565 5331 atque
2597 5262 2758 5313 Pater
2785 5259 2920 5329 fuit,
2950 5257 3197 5325 genitum
3225 5258 3278 5310 ei
3307 5257 3702 5314 Filium‘esse.

2275 5369 2338 5422 At
2372 5383 2504 5422 vero
2538 5365 2930 5435 interrogatis,
2958 5378 3274 5433 quemnam
3325 5363 3494 5418 Pater
3530 5367 3778 5436 egerit,
3814 5372 3912 5440 qui

2207 5456 2444 5527 quidem
2477 5455 2554 5511 sit
2585 5455 2760 5523 actio,
2792 5454 2844 5509 ci
2874 5469 2989 5508 non
3027 5450 3341 5522 absimilis,
3377 5469 3556 5522 quam
3591 5453 3668 5510 in
3705 5462 3911 5515 archi-
