4058 6212
241 383 392 443 1409

1571 377 1977 441 THESAURI
2021 383 2172 444 LIB.
2220 389 2294 450 V.

3484 393 3641 454 1410

226 519 396 580 tecto,
431 514 667 580 fatomo,
703 515 758 567 et
784 509 1065 567 statuario
1095 507 1381 566 videmus.
1418 512 1533 564 Hoc
1577 508 1719 564 illud
1763 513 1872 579 est,
1905 519 1959 585 Α
1990 517 2048 568 et
2076 516 2144 571 ad
2178 516 2343 576 illum
2388 520 2740 578 referuntur.
2801 522 3000 592 Itaque
3057 523 3243 594 major
3301 527 3469 578 Pater
3531 527 3642 591 est,

229 607 376 677 quod
402 603 664 676 ὁμούσιον
693 619 851 658 voco.
883 600 1028 655 Nam
1078 599 1126 654 si
1157 600 1320 654 Pater
1339 604 1427 654 est
1450 599 1576 654 Filii
1624 605 1794 656 Pater
1825 606 1881 656 et

239 697 326 750 hic
358 696 596 765 quidem
627 709 825 759 causa,
859 689 956 744 ille
977 705 1108 744 vero
1140 693 1449 742 causatum
1506 688 1589 742 vel
1615 689 1879 754 etl‘ectus,

233 785 490 855 ejusdem
517 789 709 837 tamen
745 786 964 834 naturae
997 778 1170 832 ambo
1201 782 1253 831 et
1286 777 1552 847 ejusdem
1593 779 1878 833 substan-

235 876 321 928 tiae
353 876 516 937 sunt,
552 870 659 926 hoc
692 870 886 941 ipsum
922 867 1089 922 Pater
1116 866 1250 937 egit,
1283 867 1567 921 nimirum
1630 869 1881 922 consub-

237 960 564 1018 stantialem
604 957 917 1030 ;quamvis
982 955 1202 1026 alioqui
1257 955 1503 1011 actionis
1547 955 1742 1028 opinio
1775 956 1884 1010 hac

240 1053 293 1106 in
327 1067 388 1105 re
423 1048 780 1121 perabsurda
807 1045 902 1102 sit.
937 1045 1080 1109 Quia
1109 1043 1262 1099 enim
1297 1044 1638 1116 periculosis
1696 1045 1884 1100 nomi-

238 1141 407 1194 nibus
439 1139 584 1194 etin
634 1135 923 1206 theologia
971 1133 1268 1188 inusitatis
1329 1150 1473 1190 usus
1526 1139 1635 1199 est,
1670 1134 1885 1189 idcirco

237 1232 462 1287 videtur
492 1229 630 1284 utile
663 1228 718 1282 in
781 1232 940 1298 parte
1010 1227 1295 1293 futurum,
1355 1225 1404 1280 si
1451 1226 1887 1281 consideremus

238 1320 477 1392 quinam
511 1317 586 1372 sit
616 1331 816 1371 eorum
850 1331 1079 1370 sensus.
1113 1319 1244 1369 Hmc
1275 1317 1431 1368 enim
1491 1315 1605 1369 tria
1663 1330 1724 1369 se
1759 1331 1889 1368 inu-

237 1413 332 1464 tuo
367 1405 649 1476 subsequi
709 1404 980 1460 videntur
1037 1401 1213 1469 οὐσία,
1277 1399 1538 1476 ἐνέργεια,
1596 1403 1684 1456 καὶ
1739 1401 1887 1471 ἐνερ-

237 1495 529 1572 γοῦμενον,
563 1495 672 1549 hoc
703 1501 792 1549 est
822 1494 1097 1557 essentia,
1132 1492 1302 1561 actio,
1336 1497 1392 1547 et
1433 1510 1600 1562 opus.
1637 1493 1737 1546 Est
1794 1509 1892 1546 au-

240 1592 357 1640 tem
391 1584 540 1640 actio
570 1583 682 1638 alia
721 1583 986 1638 essentia)
1034 1599 1406 1648 concurrens,
1461 1581 1573 1637 alia
1631 1587 1890 1652 postmo-

235 1675 370 1729 dum
407 1673 710 1744 acquisita.
759 1673 982 1738 Quibus
1022 1688 1156 1743 crgo
1180 1671 1452 1726 essentiis
1475 1670 1622 1725 actio
1647 1685 1890 1725 concur-

237 1763 540 1829 rit,earum
573 1762 833 1816 actiones
883 1777 1110 1831 quoque
1166 1759 1427 1815 indivisa
1487 1763 1645 1828 sunt,
1676 1759 1890 1829 quibus

239 1857 436 1907 autem
472 1851 845 1922 postmodum
881 1849 1111 1916 accidit,
1137 1865 1337 1903 eorum
1372 1848 1630 1903 actiones
1663 1864 1894 1918 quoque

242 1940 646 2013 posteriores:
683 1947 746 1994 ut
803 1938 978 1993 homo
1029 1939 1287 1993 essentia
1352 1937 1589 2008 quidem
1637 1943 1742 2003 est,
1777 1936 1896 2006 agit

247 2035 441 2084 autem
485 2029 955 2098 respirationem,
1012 2039 1066 2083 et
1123 2027 1458 2082 aedificium.
1515 2027 1726 2080 llorum
1762 2025 1898 2080 alte-

243 2135 398 2182 rum,
434 2117 715 2172 nimirum
749 2117 1076 2188 respiratio,
1111 2115 1431 2182 concurrit,
1465 2113 1708 2170 alterum
1741 2130 1895 2181 vero,

243 2207 466 2263 scilicet
500 2206 830 2274 aedificatio,
891 2205 1178 2276 posterior
1233 2210 1291 2260 et
1321 2204 1573 2260 aseititia
1613 2207 1720 2259 est.
1773 2205 1896 2268 Quo

241 2300 326 2363 tit,
363 2302 426 2353 ut
457 2297 609 2368 quod
643 2297 716 2352 ab
744 2297 971 2352 actione
1002 2296 1220 2366 agitur,
1254 2312 1381 2366 quze
1425 2294 1660 2366 quidem
1693 2309 1896 2348 essen-

241 2387 334 2440 tia:
365 2383 686 2451 concurrit,
746 2389 1055 2439 concurrat
1111 2389 1168 2438 et
1226 2383 1423 2454 ipsum
1484 2383 1790 2445 nimirum,
1834 2383 1899 2432 ut

241 2472 625 2544 respiratione
656 2489 752 2528 cor
811 2472 1202 2543 refrigeretur.
1275 2470 1418 2524 Nam
1485 2469 1662 2524 simul
1721 2474 1898 2538 atque

245 2562 498 2633 respirat
521 2561 759 2632 aliquis,
795 2560 1003 2614 hausto
1055 2559 1336 2614 exteriore
1390 2575 1541 2623 aere,
1590 2557 1897 2626 laxatoquc

245 2651 407 2706 molli
429 2650 645 2720 jecoris
676 2665 936 2721 corpore,
971 2651 1121 2720 quod
1152 2651 1384 2720 puriore
1414 2647 1627 2719 spiritu
1659 2646 1896 2720 plenum

247 2750 355 2806 est,
389 2739 768 2794 circumfovct
817 2755 935 2805 cor,
999 2754 1102 2792 nec
1160 2738 1441 2793 exsiccari
1492 2736 1680 2793 calore
1735 2735 1895 2792 sinit.

245 2829 574 2886 Editicatio
609 2833 826 2897 autem,
859 2827 991 2898 quia
1021 2833 1220 2898 postea
1261 2827 1570 2898 contingit,
1605 2843 1670 2880 co
1721 2826 1803 2892 fit,
1837 2829 1900 2879 ut

242 2917 541 2973 dividatur
563 2933 794 2988 quoque
817 2917 968 2987 quod
995 2916 1205 2986 agitur.
1241 2914 1518 2980 Quocirca
1562 2913 1730 2969 Pater
1760 2913 1895 2968 Gre-

238 3008 441 3078 gorius
467 3008 544 3060 ita
579 3006 767 3061 infert.
802 3005 1112 3060 Consentio
1146 3004 1272 3070 tibi,
1306 3005 1579 3072 Eunomi,
1613 3003 1714 3075 qui
1745 3003 1896 3058 Patri

239 3113 452 3152 nomen
471 3095 721 3152 actionis
744 3093 1698 3166 imposueris.Consubstantialem
1725 3108 1896 3164 porro

242 3187 382 3257 egit,
418 3183 683 3255 quamvis
707 3183 924 3254 alioqui
949 3182 1195 3238 actionis
1221 3183 1328 3238 hac
1378 3182 1518 3237 iure
1539 3181 1735 3254 opinio
1769 3199 1896 3252 per-

1992 603 2129 670 quia
2163 623 2339 662 causa
2370 615 2477 678 est,
2514 611 2819 679 ambobus,
2854 611 2996 664 Filio
3059 611 3294 681 quidem
3331 611 3650 680 generatio-

1994 690 2104 759 nis,
2135 697 2373 765 Spiritui
2407 706 2601 754 autem
2636 699 3048 769 processionis.
3104 698 3360 754 Ecclesia
3391 717 3542 769 ergo,
3581 704 3646 755 ut.

1991 780 2216 838 dictum
2249 791 2359 854 est,
2389 804 2455 843 eo
2488 805 2664 844 sensu
2697 789 3008 844 dictionem
3042 790 3222 860 major
3252 788 3496 858 accepit.

2061 875 2132 927 At
2158 876 2496 942 Eunomius,
2531 893 2664 932 cum
2697 883 2904 933 caetera
2935 878 3149 942 turbet,
3184 883 3356 948 atque
3397 878 3641 932 confun-

1994 963 2116 1032 dat,
2147 969 2272 1020 tum
2310 968 2629 1039 poculentm
2681 968 2817 1022 huic
2877 985 3034 1039 aqua:
3076 966 3480 1038 salsuginosos
3512 984 3642 1022 ser-

1995 1069 2196 1111 mones
2241 1073 2379 1112 suos
2438 1057 2747 1113 immiscet.
2811 1057 2952 1111 lluic
3011 1057 3164 1111 enim
3219 1056 3640 1128 propositioni:

1994 1145 2162 1197 Pater
2187 1147 2372 1214 major
2393 1147 2534 1201 Filio
2558 1151 2666 1210 est,
2699 1146 2838 1216 quia
2887 1162 3064 1200 causa
3090 1170 3103 1211 ,
3128 1145 3326 1200 statim
3369 1145 3483 1199 alia
3514 1145 3649 1199 sub-

1990 1233 2224 1304 jungit:
2269 1239 2454 1290 Causa
2486 1234 2772 1290 naturalis
2803 1238 2908 1303 est,
2944 1235 3289 1304 moxqueita
3336 1235 3642 1290 ratiocina-

2001 1326 2117 1375 tur.
2152 1323 2320 1379 Pater
2368 1328 2554 1394 major
2610 1331 2717 1392 est,
2777 1323 2918 1395 quia
2962 1339 3161 1393 causa,
3220 1339 3398 1379 causa
3454 1329 3646 1378 autem

2000 1415 2327 1483 naturalis;
2363 1423 2484 1470 tum
2516 1417 2848 1470 concludit:
2883 1421 3034 1486 Ergo
3090 1415 3254 1470 Pater
3312 1419 3520 1469 natura
3552 1413 3647 1466 Fi-

1999 1501 2076 1556 lio
2111 1505 2298 1572 major
2327 1509 2436 1570 est,
2471 1505 2662 1574 majus
2694 1504 2828 1558 inde
2867 1504 3217 1568 attribuens,
3281 1519 3397 1557 non
3458 1517 3645 1556 causae

2002 1596 2244 1646 utrecta
2268 1596 2476 1648 suadet
2506 1593 2670 1648 ratio.
2732 1593 2849 1647 Hoc
2906 1592 3116 1647 etenim
3178 1591 3290 1646 sibi
3342 1590 3466 1645 vult
3519 1591 3649 1660 ejus

2002 1680 2234 1749 dogma,
2264 1690 2326 1736 ut
2358 1683 2580 1737 Patrem
2625 1682 2873 1751 primam
2934 1680 3496 1746 essentiam-faciat,
3557 1679 3651 1733 Fi-

2001 1767 2144 1824 lium
2188 1771 2529 1837 secundam,
2582 1771 2863 1841 Spiritum
2916 1769 3188 1824 tertiam:
3236 1768 3440 1823 Nescio
3498 1784 3649 1833 vero,

2004 1858 2196 1930 inquit
2227 1876 2472 1930 magnus
2532 1858 2628 1914 ille
2685 1859 3022 1930 Gregorius,
3085 1864 3279 1912 utrum
3335 1858 3449 1913 sibi
3507 1856 3650 1928 ipsis

2003 1946 2111 2004 hoc
2144 1949 2450 2018 imponant
2505 1947 2886 2017 sopbismate,
2947 1963 3021 1999 an
3079 1945 3152 1999 iis
3196 1947 3266 2000 ad
3298 1963 3444 2016 quos
3475 1947 3651 2001 verba

2004 2037 2248 2093 faciunt.
2284 2041 2425 2091 Nam
2458 2052 2582 2106 qua:
2608 2035 2677 2089 de
2701 2034 2895 2104 aliquo
2926 2033 3226 2098 dicuntur,
3257 2050 3323 2106 ea
3353 2051 3466 2087 non
3509 2035 3651 2089 sim-

2003 2127 2227 2197 pliciter
2259 2125 2366 2179 dici
2401 2140 2633 2195 quoque
2666 2126 2934 2193 poterunt
2987 2122 3058 2176 de
3114 2138 3180 2176 co
3235 2125 3385 2191 quod
3429 2123 3478 2176 ei
3510 2124 3651 2178 sub-

1994 2217 2216 2287 jectum
2249 2214 2460 2280 cst,sed
2496 2210 2869 2282 perspicuum
2902 2213 3010 2279 est,
3045 2208 3324 2280 quidnam
3384 2211 3455 2264 de
3501 2227 3648 2280 quo-

2004 2303 2386 2375 quedieatur.
2445 2301 2745 2366 Quomodo
2806 2317 2943 2371 ergo
3001 2300 3276 2370 praefatus
3336 2304 3425 2356 est
3455 2301 3648 2355 Euno-

2002 2395 2154 2448 mius
2175 2388 3188 2464 quavesOpbismatumspeciesuam
3228 2388 3532 2444 contexuit
3563 2405 3651 2443 ca-

2003 2483 2282 2554 ptionem,
2313 2497 2623 2553 progressu
2649 2479 2930 2534 orationis
2963 2477 3210 2545 dicetur,
3244 2477 3342 2532 ubi
3368 2478 3648 2532 nimirum

2001 2571 2302 2642 sophisma
2334 2570 2638 2625 refellitur.
2661 2569 2745 2624 Ad
2777 2567 3056 2622 orationis
3115 2583 3285 2637 porro
3346 2567 3649 2622 continua-

2001 2661 2220 2716 tionem
2255 2661 2452 2716 statim
2489 2675 2722 2731 quoque
2756 2661 2953 2712 nostra
2985 2656 3375 2726 subjungetur
3407 2673 3439 2709 a
3482 2655 3650 2710 nobis

2004 2751 2404 2807 ratio.Auditis
2435 2750 2762 2805 Eunomius
2793 2748 2865 2803 iis
2911 2764 3038 2819 qua:
3089 2747 3161 2801 ab
3218 2746 3533 2801 Aristotele
3590 2746 3648 2799 in

2011 2840 2332 2910 Categoriis
2361 2839 2580 2910 scripta
2610 2843 2781 2893 sunt:
2817 2837 3208 2906 Quaecumque
3235 2836 3306 2890 de
3335 2835 3528 2905 aliquo
3564 2835 3650 2887 di-

2003 2936 2234 2998 cuntur,
2267 2945 2334 2984 ea
2363 2930 2433 2984 de
2465 2945 2530 2984 eo
2586 2943 2816 3000 quoque
2874 2926 2987 2980 dici
3045 2929 3334 2996 poterunt,
3395 2923 3549 2994 quod
3601 2923 3654 2978 ei

2003 3017 2332 3088 subjectum
2363 3020 2488 3081 est;
2522 3015 2644 3070 hanc
2675 3014 2846 3068 verba
2905 3011 3066 3067 nullo
3116 3011 3340 3082 judicio
3390 3011 3652 3066 adhibito

2002 3106 2429 3177 excepit,atque
2452 3103 2767 3159 dictionem
2801 3116 3159 3173 quaecumque
3207 3101 3275 3154 ad
3325 3100 3522 3154 omnia
3567 3117 3658 3154 rc-

2004 3196 2140 3250 tulit
2167 3212 2178 3248 :
2205 3211 2319 3265 quo
2345 3195 2558 3248 factum
2583 3197 2689 3261 est,
2724 3197 2806 3259 ut,
2840 3207 2973 3246 cum
3023 3189 3362 3244 Aristoteles
3405 3189 3653 3244 vocabu-

231 3275 494 3330 absurda
526 3274 617 3328 sit.
653 3273 798 3328 Nam
831 3273 889 3326 in
949 3271 1051 3327 illa
1108 3272 1335 3328 actione
1386 3271 1675 3342 posterius
1718 3271 1773 3326 id
1808 3279 1893 3326 est

2011 3284 2130 3341 lum
2154 3283 2263 3338 hoc
2292 3282 2658 3354 usurpaverit
2684 3282 2741 3335 in
2776 3281 2846 3335 iis
2881 3298 3006 3352 quae
3039 3280 3262 3334 ratione
3315 3278 3656 3333 substantias

240 3365 400 3435 quod
436 3363 646 3432 agitur.
679 3361 1026 3417 zEdificandi
1065 3362 1218 3416 enim
1279 3379 1373 3418 ars
1405 3361 1716 3415 aedificium
1752 3378 1894 3431 prae-

240 3455 409 3507 cedat
441 3456 693 3523 Oportet,
727 3457 898 3521 atque
930 3469 962 3505 a
995 3468 1054 3506 se
1116 3450 1261 3520 ipsis
1308 3455 1656 3521 separentur
1705 3449 1895 3505 urebi-

242 3546 432 3596 tectus
460 3547 516 3595 et
546 3540 880 3595 aedilicium.
917 3539 977 3593 In
1002 3539 1109 3594 hac
1134 3555 1289 3607 vero,
1321 3556 1438 3609 qua
1487 3539 1557 3593 de
1590 3555 1745 3592 nunc
1776 3538 1896 3608 agi-

244 3647 380 3684 mus
403 3630 776 3694 actione,non
813 3628 892 3683 ita
917 3644 978 3682 se
1010 3628 1183 3682 habet
1216 3627 1270 3681 id
1317 3628 1472 3698 quod
1527 3628 1740 3698 agitur.
1776 3631 1898 3681 Non

238 3719 400 3773 enim
435 3719 599 3789 prius
637 3721 746 3772 fuit
778 3721 970 3784 Pater,
1003 3723 1124 3772 tum
1159 3716 1368 3772 deinde
1425 3716 1900 3771 consubstantia-

246 3807 362 3862 lem
396 3806 663 3870 absoliit,
703 3824 805 3862 nec
839 3823 904 3861 eo
939 3807 1206 3862 absoluto
1241 3806 1504 3861 diversus
1563 3805 1766 3872 evasit,
1801 3804 1903 3860 sed

245 3895 428 3952 simul
461 3905 634 3967 atque
662 3897 828 3952 Pater
856 3896 984 3962 fuit,
1019 3896 1250 3967 genitus
1309 3900 1397 3951 est
1455 3895 1657 3966 Filius,
1701 3895 1901 3951 ambo-

244 4002 362 4054 que
394 3986 929 4041 consubstantiales
964 3988 1214 4041 fuerunt.

856 4108 1006 4162 CAP.
1065 4108 1290 4162 XLVII.

240 4225 374 4282 Alia
423 4225 682 4280 Eunomii
737 4223 1034 4292 saplu'stira
1091 4223 1336 4293 objectio.
1391 4223 1656 4277 adversus
1715 4224 1904 4278 Patris

325 4304 375 4352 et
407 4297 538 4352 Filii
591 4295 1251 4351 consubstantialilalem.
1309 4297 1416 4349 Hoc
1473 4294 1791 4350 Aristoteli:
1844 4297 1903 4347 in

326 4367 633 4436 Categariis
665 4369 781 4422 loco
813 4368 957 4421 male
987 4367 1288 4431 intellecto,
1320 4364 1591 4420 nimirum
1629 4382 1641 4418 :
1679 4386 1702 4416 α
1736 4371 1900 4435 Quae-

319 4457 547 4512 cumque
579 4441 650 4494 de
678 4438 866 4509 aliqua
895 4438 1177 4512 dicuntur,
1210 4456 1272 4492 ea
1301 4437 1366 4492 de
1409 4452 1735 4512 eo__qu0quc
1789 4437 1906 4491 dici

317 4509 597 4584 poterunt,
638 4517 780 4582 quod
811 4513 862 4564 ei
892 4511 1192 4584 subjectum
1250 4518 1410 4584 eu,_-
1437 4580 1446 4584 Α
1469 4509 1766 4563 Eunomia:
1793 4514 1899 4564 Pu-

329 4595 472 4639 trem
487 4583 625 4637 Filio
642 4579 859 4636 'natura
889 4583 1153 4652 majorem
1178 4595 1290 4635 esse
1320 4579 1492 4634 dixit.

323 4712 468 4767 Cum
497 4709 779 4765 Dominus
814 4712 1012 4764 noster
1040 4707 1214 4763 Jesus
1255 4707 1518 4763 Christus
1550 4707 1605 4761 in
1657 4709 1906 4779 Evange-

237 4802 349 4858 liis
383 4801 614 4866 dixerit,
648 4801 816 4854 Paler
845 4815 1000 4854 meus
1057 4798 1240 4868 major
1276 4813 1361 4852 me
1416 4800 1492 4852 est
1533 4797 1598 4864 ⁵³,
1654 4797 1907 4852 Ecclesia

235 4891 571 4948 dictionem
605 4892 782 4958 maior
812 4891 884 4946 ob
914 4889 1124 4944 Filium
1183 4887 1372 4944 solum
1425 4887 1708 4958 prolatam
1743 4887 1908 4943 intel-

233 4981 417 5038 lexit.
449 4981 726 5045 Quamvis
757 4983 913 5035 enim
975 4977 1216 5034 honoris
1273 4976 1665 5049 aequalitatem
1718 4977 1779 5033 in
1812 4977 1909 5032 tri-

236 5073 368 5128 bus
399 5069 688 5140 personis,
741 5069 1122 5139 eamdemque
1173 5066 1418 5138 gloriam
1484 5071 1540 5122 et
1587 5067 1908 5123 claritatem

234 5158 664 5233 pradicemus,
696 5156 813 5212 alia
870 5163 1066 5212 tamen
1119 5157 1341 5212 ratione
1373 5159 1597 5211 Patrem
1633 5157 1908 5228 majorem

236 5255 310 5306 et
346 5246 489 5302 Filio
521 5251 579 5302 et
601 5245 824 5316 Spiritu
857 5250 1060 5300 sancto
1093 5261 1221 5300 esse
1253 5245 1528 5310 dicimus,
1561 5246 1695 5316 quia
1746 5245 1914 5300 nimi-

235 5354 391 5395 rum
425 5337 495 5390 ad
529 5336 688 5391 aliud
751 5335 847 5391 ille
906 5334 1255 5405 principium
1317 5351 1429 5390 non
1484 5335 1750 5401 refertur,
1811 5336 1908 5391 sed

231 5431 382 5501 ipse
415 5427 668 5497 primum
695 5425 961 5481 omnium
1014 5423 1365 5495 principium
1426 5428 1553 5490 est;
1588 5423 1645 5477 hi
1678 5440 1810 5479 vero
1840 5427 1912 5481 ab

227 5518 354 5580 illo
391 5519 674 5586 tanquam
701 5531 879 5571 causa
901 5513 1246 5585 procedunt,
1279 5510 1435 5582 apud
1459 5510 1624 5567 illum
1652 5519 1910 5582 manent,

328 5663 382 5696 ⁵³
413 5662 584 5720 Joan.
620 5678 700 5734 x1,
730 5661 817 5717 28.

2006 3373 2418 3447 pradicantur,
2453 3373 2548 3427 hic
2605 3371 2950 3427 indistincte
3008 3371 3079 3424 de
3137 3368 3210 3423 iis
3267 3384 3390 3438 qum
3440 3367 3660 3422 ratione

2005 3463 2324 3520 accidentis
2357 3462 2762 3534 praedicantur,
2795 3459 3081 3522 enuntiet,
3139 3463 3195 3512 et
3227 3461 3290 3511 ut
3345 3456 3522 3512 semel
3565 3455 3657 3509 di-

2007 3572 2157 3620 cam,
2191 3553 2262 3607 de
2293 3551 2365 3606 iis
2396 3569 2521 3622 qua:
2554 3550 3100 3620 quomodocumque
3148 3545 3552 3615 praadieantur.
3589 3546 3659 3597 At

2006 3643 2115 3698 hoc
2139 3659 2253 3696 non
2277 3641 2358 3696 ita
2382 3658 2442 3696 se
2474 3640 2666 3694 habet.
2703 3639 2980 3705 Quamvis
3001 3635 3157 3691 enim
3189 3636 3406 3688 animal
3444 3633 3512 3708 de
3535 3647 3659 3700 spe-

2008 3733 2095 3788 cie
2129 3731 2496 3804 praedicetur,
2528 3745 2715 3800 genus
2773 3733 2968 3781 tamen
3027 3725 3156 3790 ejus
3205 3722 3656 3789 haudquaquam

2008 3823 2183 3877 etiam
2221 3821 2585 3892 praedicatur.
2619 3815 2796 3884 Atqui
2821 3817 2974 3868 recta
3014 3808 3657 3880 prapositionumcom-

2009 3911 2215 3980 positio
2249 3908 2445 3963 fuerit.
2479 3907 2672 3960 Genus
2706 3902 2862 3956 enim
2915 3898 3075 3955 omni
3134 3895 3395 3961 animali,
3427 3900 3484 3952 et
3531 3895 3656 3952 ani-

2010 3998 2123 4052 mai
2158 3996 2319 4050 omni
2351 3991 2564 4064 speciei
2594 3990 2901 4046 convenit:
2936 3986 3161 4059 species
3193 3991 3388 4042 tamen
3423 4003 3535 4042 non
3571 3989 3660 4040 est

2007 4100 2216 4156 genus.

2082 4171 2204 4227 Non
2239 4185 2373 4240 ergo
2406 4182 2790 4240 quaecumque
2812 4166 2883 4221 de
2913 4164 3106 4236 aliquo
3163 4163 3456 4235 dicuntur,
3491 4181 3558 4220 ea
3588 4165 3658 4220 de

2009 4279 2075 4318 eo
2108 4277 2342 4333 quoque
2373 4261 2660 4323 dicentur,
2683 4257 2838 4329 quod
2871 4257 2925 4313 ei
2984 4256 3315 4325 subjectum
3373 4261 3482 4311 est.
3516 4256 3658 4312 Ani-

2011 4351 2148 4407 mali
2173 4351 2329 4405 enim
2361 4350 2534 4406 homo
2566 4347 2916 4420 subjicitur;
2950 4349 3009 4400 at
3040 4363 3153 4401 non
3198 4361 3563 4416 quaecunque
3594 4346 3665 4401 de

2010 4437 2250 4494 animali
2280 4437 2687 4508 praedicamus,
2719 4451 2787 4490 ea
2817 4435 2886 4489 de
2918 4433 3181 4504 subjecto
3238 4433 3412 4488 etiam
3464 4432 3666 4504 praedi-

2009 4529 2542 4597 caverimus;imo
2597 4527 2969 4598 perspicuum
3030 4531 3116 4580 est
3173 4525 3244 4580 de
3305 4540 3561 4596 quonam
3600 4541 3667 4579 ea

1937 4639 1980 4703 Π
2016 4621 2128 4674 dici
2163 4620 2406 4691 possint,
2442 4623 2498 4673 et
2557 4633 2825 4688 quaenam
2886 4616 3007 4671 sint
3062 4631 3130 4671 ea
3181 4631 3311 4686 quae
3353 4615 3666 4688 praedican-

2016 4717 2131 4766 tur.

2088 4801 2428 4856 Animatum
2461 4800 2614 4857 enlm
2650 4806 2707 4857 et
2737 4799 2950 4856 sensile
2977 4801 3216 4870 trajecta
3239 4797 3474 4855 animali
3495 4798 3668 4853 etiam

2024 4891 2093 4946 ad
2128 4890 2421 4947 hominem
2457 4891 2816 4963 pertingunt.
2853 4889 3152 4954 Siquidem
3187 4886 3527 4944 essentiales
3560 4885 3671 4940 illa:

2017 4997 2119 5035 seu
2153 4980 2434 5052 spceificze
2466 4978 2803 5034 differentiae
2836 4983 2994 5047 sunt,
3028 4977 3242 5046 quibus
3285 4975 3503 5030 animal
3535 4991 3674 5029 con-

2018 5071 2318 5125 stituitur:
2352 5085 2538 5140 genus
2571 5073 2794 5135 autem,
2828 5068 2983 5139 quod
3017 5073 3103 5120 est
3134 5081 3344 5120 nomen
3369 5063 3672 5133 rationale,

2021 5177 2123 5216 nec
2155 5158 2426 5215 animalis
2457 5159 2723 5215 essentia:
2754 5156 3044 5221 convenit,
3082 5155 3296 5212 idcirco
3351 5155 3422 5210 ad
3483 5153 3673 5209 homi-

2021 5265 2153 5305 nem
2189 5249 2498 5320 trajicitur.

2092 5339 2223 5394 Tria
2254 5339 2400 5394 enim
2421 5338 2657 5394 nomina
2705 5338 2866 5409 ponit
2915 5335 3263 5403 Eunomius,
3300 5335 3512 5406 majus,
3543 5351 3674 5389 cau-

2030 5444 2176 5496 sam,
2208 5431 2263 5482 et
2295 5430 2797 5498 naturam.ltaque
2821 5428 3016 5497 majus
3073 5426 3142 5480 de
3198 5441 3396 5492 causa,
3437 5427 3494 5478 et
3541 5439 3676 5478 cau-

2025 5534 2150 5573 sam
2185 5517 2256 5573 de
2285 5522 2498 5575 natura
2522 5516 2834 5588 praedicat:
2867 5521 3037 5585 atque
3072 5513 3210 5570 hinc
3229 5513 3516 5570 existimat
3550 5528 3678 5566 ma—
