4090 6192
288 403 448 464 1413

283 623 386 693 jus
417 626 627 677 natura
659 620 961 692 colligunt,
994 637 1062 676 ex
1090 637 1156 677 eo
1188 620 1345 693 quod
1402 636 1534 677 cum
1590 620 1702 678 loci
1756 622 1943 694 adjec-

290 713 448 768 tione
480 712 714 779 dicitur,
751 709 811 765 id
843 710 1162 767 efﬁcientes
1194 711 1343 782 quod
1379 711 1726 785 simpliciter
1754 729 1939 768 enun-

287 803 488 868 tiatur,
520 801 1018 872 quemadmodum
1051 799 1122 867 si,
1155 800 1237 857 ait
1258 800 1376 867 ille,
1409 800 1739 858 dicentibus
1770 803 1940 859 nobis

293 890 605 965 quemdam
640 889 936 945 hominem
970 893 1265 946 mortuum
1324 908 1473 957 esse,
1526 890 1609 947 illi
1659 890 1939 964 simplici-

290 989 378 1037 ter
410 981 709 1037 hominem
772 984 1068 1037 mortnum
1127 996 1254 1037 esse
1311 982 1609 1037 inferrent.
1643 984 1786 1037 Item
1817 981 1940 1038 haec

292 1071 474 1127 oratio
509 1087 521 1126 :
558 1070 823 1125 Mortuus
855 1069 1031 1126 homo
1063 1086 1178 1125 non
1211 1070 1475 1142 respirat,
1499 1086 1569 1125 ex
1590 1086 1655 1127 eo
1679 1071 1936 1138 ducitur,

294 1160 448 1231 quod
480 1175 612 1216 cum
646 1159 756 1214 loci
789 1159 1113 1229 adjections
1143 1158 1376 1229 dicitur,
1430 1164 1637 1232 estque
1690 1162 1940 1235 particu-

289 1247 452 1306 laris.

361 1376 421 1432 Si
450 1392 587 1449 ergo
619 1375 700 1432 ita
729 1375 959 1446 dixerit,
990 1379 1405 1448 mortuumque
1456 1376 1674 1449 aliquis
1731 1378 1943 1439 distra-

292 1464 413 1534 hat,
447 1471 503 1521 et
534 1465 828 1522 hominem
862 1480 976 1521 non
1010 1464 1295 1536 respirare
1344 1466 1516 1535 dicat,
1547 1483 1615 1522 ex
1671 1483 1737 1524 eo
1781 1468 1936 1539 quod

292 1571 426 1609 cum
458 1554 570 1609 loci
600 1553 923 1624 adjeclione
952 1553 1190 1625 dicitur,
1223 1554 1282 1610 id
1339 1555 1530 1611 effecit
1589 1557 1743 1627 quod
1802 1556 1941 1613 sim-

288 1642 518 1716 pliciter
555 1646 914 1699 enuntiatur.

357 1759 862 1826 Quemadmodum
897 1758 945 1813 si
963 1758 1188 1814 dicente
1205 1758 1398 1832 aliquo
1425 1760 1620 1816 :r‘Erea
1641 1759 1804 1815 navis
1823 1777 1939 1816 non

289 1850 544 1920 navigat,
574 1848 730 1905 aliud
759 1847 890 1904 inde
924 1864 1128 1906 navem
1190 1866 1304 1904 non
1362 1848 1632 1920 navigare
1679 1848 1938 1922 colligat,

288 1956 416 2010 quae
447 1938 634 1994 oratio
663 1954 729 1993 ex
763 1955 827 1993 eo
846 1938 1082 1992 ducitur
1104 1938 1259 2008 quod
1286 1954 1419 1993 cum
1461 1936 1571 1994 loci
1614 1938 1936 2008 adjectione

287 2032 345 2083 et
375 2026 722 2099 simpliciter
752 2025 983 2081 dicitur.
1019 2028 1158 2081 Item
1190 2026 1241 2081 si
1298 2026 1495 2083 dixero
1544 2025 1931 2083 adulterinum

289 2116 631 2171 drachmam
665 2132 779 2170 non
812 2115 1152 2187 permutari,
1184 2120 1244 2170 tu
1278 2114 1618 2172 drachmam
1650 2115 1936 2188 simplici-

290 2207 379 2259 ter
410 2222 525 2261 non
585 2203 903 2276 permutari
959 2203 1295 2272 concludas,
1358 2222 1451 2261 me
1509 2204 1735 2261 deludis
1769 2221 1933 2261 exeo

289 2295 442 2366 quod
478 2311 609 2349 cum
642 2292 756 2351 loci
783 2294 1106 2364 adjectione
1137 2299 1194 2350 et
1224 2294 1570 2367 simpliciter
1599 2294 1833 2351 dicitur.

356 2383 707 2455 Hujusmodi
741 2388 881 2439 sunt
940 2383 1211 2455 captiosae
1261 2384 1585 2440 Stoicorum
1618 2399 1932 2456 argumen-

284 2473 552 2543 tationes,
614 2472 846 2542 sorites,
915 2476 1195 2527 cornutus
1279 2471 1679 2545 syllogismus,
1757 2472 1932 2527 domi-

290 2578 460 2630 nans,
492 2567 548 2617 et
579 2561 702 2617 alia;
728 2561 1052 2635 permultae,
1087 2561 1303 2633 quibus
1336 2560 1420 2616 illi
1477 2561 1708 2635 propria
1738 2560 1935 2635 impo-

283 2668 452 2707 suere
484 2653 740 2708 nomina.

359 2769 505 2832 Quia
534 2768 691 2825 enim
724 2785 1013 2826 cornuum
1047 2769 1402 2827 mentionem
1434 2770 1491 2825 in
1525 2770 1934 2843 propositioni-

285 2857 400 2913 bus
431 2859 556 2914 suis
585 2858 853 2929 sophista
911 2858 1142 2926 fecerat,
1204 2863 1268 2915 ut
1297 2875 1316 2914 :
1374 2860 1432 2914 Si
1479 2876 1700 2917 cornua
1730 2860 1934 2932 habes,

285 2945 533 3017 pulchra
563 2962 796 3019 quoque
825 2962 1048 3004 cornua
1077 2947 1254 3003 habes
1282 2964 1294 3004 :
1321 2947 1457 3004 item
1483 2949 1571 3005 :Si
1603 2949 1936 3007 dominabi-

289 3039 388 3089 tur
417 3034 589 3105 Diou,
619 3044 769 3092 certe
800 3035 1197 3092 dominabitur
1218 3037 1395 3094 Dion:
1418 3038 1555 3096 inde
1575 3040 1795 3095 factum
1822 3044 1932 3107 est,

288 3129 353 3178 ut
384 3128 665 3179 cornutus
697 3141 730 3179 a
760 3125 1036 3182 cornibus
1066 3126 1481 3183 denominatus
1512 3127 1609 3195 sit,
1651 3132 1708 3186 et
1745 3129 1933 3185 domi-

286 3230 458 3281 nans,
491 3214 628 3285 quia
656 3230 724 3269 ea
755 3215 1216 3286 propositionum
1250 3217 1437 3288 figura
1468 3218 1661 3273 fuerit.
1715 3220 1933 3275 Sorites

1639 394 2036 462 THESAURI
2079 396 2223 459 LIB.
2273 399 2349 461 ν.

293 533 445 591 enim
471 535 559 588 est
587 536 637 587 et
669 530 1016 604 particulare
1051 548 1065 588 :
1126 530 1208 588 illi
1266 546 1443 588 causa
1471 530 1771 596 distracta,
1802 546 1926 585 ma-
1963 533 2014 598 Α

3537 399 3693 461 14η

2732 529 2886 586 CAP.
2946 534 3006 585 L.

2046 616 2183 685 Quot
2227 617 2402 674 modis
2447 616 2619 675 dictio
2674 616 2828 673 idem
2884 617 3192 689 accipiatur
3247 633 3316 673 ex
3367 617 3690 688 Aristotele,
3798 604 3815 617 ’

2116 692 2264 745 unde
2289 698 2438 762 patet
2467 690 2815 746 identitatem
2843 705 2955 746 non
2982 694 3121 745 citra
3152 689 3449 745 discrimen
3485 694 3692 763 passim

2118 765 2502 833 usurpandum
2532 777 2668 819 esse.

2117 866 2249 921 Alia
2279 871 2370 924 est
2397 866 2669 925 Eunomii
2700 867 2973 941 obiectio,
3003 873 3061 926 et
3086 884 3288 926 eorum
3321 869 3419 941 qui
3465 869 3520 925 in
3549 869 3695 927 Filio

2044 953 2336 1028 ἀνόμοιον,
2365 957 2473 1015 hoc
2505 966 2592 1014 est
2613 959 3159 1016 dissimilitudinem
3193 959 3381 1016 Patris
3428 959 3693 1017 introdu-

2041 1050 2204 1115 cunt,
2236 1048 2515 1104 adversus
2545 1064 2613 1104 ea
2640 1064 2766 1120 quis
2797 1048 3064 1104 catholici
3115 1049 3559 1121 responderant,
3603 1048 3693 1105 ni-

2043 1135 2256 1192 mirum
2288 1136 2424 1193 illos
2450 1137 2601 1193 male
2621 1142 3018 1207 argumentari
3048 1155 3184 1194 cum
3227 1139 3416 1194 dicant
3463 1139 3694 1195 Patrem

2044 1223 2190 1281 Filio
2221 1228 2501 1297 majorem
2535 1243 2665 1283 esse
2697 1228 2923 1284 ratione
2953 1244 3164 1296 causas,
3222 1244 3462 1284 causam
3524 1244 3696 1299 porro

2044 1315 2267 1371 ratione
2295 1320 2536 1387 naturas,
2571 1317 2725 1374 unde
2756 1318 2879 1390 ﬁat,
2913 1323 2978 1374 ut
3011 1319 3178 1375 Pater
3206 1318 3348 1376 Filio
3414 1318 3492 1375 sit
3531 1323 3701 1376 natu-

2046 1420 2120 1460 rae
2144 1406 2365 1462 ratione
2396 1408 2603 1478 major.

2118 1522 2405 1578 Caeterum
2463 1524 2829 1581 Eunomiana
2874 1527 3117 1599 quaestio
3177 1527 3261 1585 sic
3319 1526 3495 1584 habet
3544 1543 3558 1584 :
3620 1530 3693 1582 At

2045 1625 2178 1666 vero
2209 1611 2262 1667 si
2290 1611 2474 1668 Filius
2503 1614 2768 1670 essentiae
2792 1615 3014 1670 ratione
3033 1616 3187 1672 idem
3239 1632 3374 1673 cum
3402 1617 3566 1674 Patre
3594 1618 3696 1695 sit,

2046 1698 2346 1771 ingenitus
2367 1704 2563 1756 autem
2586 1701 2757 1759 Pater
2775 1706 2884 1772 est,
2916 1704 3071 1760 idem
3095 1721 3327 1776 quoque
3361 1706 3539 1761 Filius
3563 1705 3696 1763 erit.

2118 1788 2247 1843 Haec
2278 1793 2418 1844 sunt
2446 1806 2573 1860 quas
2605 1791 2677 1846 ab
2707 1792 2996 1848 Eunomio
3027 1793 3408 1863 objiciuntur,
3432 1798 3490 1849 et
3510 1811 3544 1851 a
3569 1799 3694 1851 tur-

2046 1876 2119 1933 ba
2151 1877 2651 1947 blasphemiarum
2682 1881 2808 1949 ejus
2830 1881 3058 1937 herede
3087 1898 3100 1936 :
3127 1886 3396 1938 caeterum
3430 1884 3697 1939 eamdem

2043 1965 2103 2021 in
2127 1969 2297 2024 Patre
2326 1970 2384 2021 et
2412 1965 2555 2022 Filio
2585 1968 2904 2024 essentiam
2927 1969 3206 2037 admittit,
3230 1986 3343 2025 non
3367 1972 3698 2042 dogmatice

2044 2054 2145 2112 sed
2197 2052 2589 2125 hypothetice,
2650 2054 2759 2112 hoc
2815 2061 2926 2124 est,
2985 2074 3101 2113 non
3163 2063 3227 2113 ut
3282 2057 3417 2113 inde
3475 2068 3696 2114 certum

2044 2144 2276 2215 dogma,
2311 2143 2409 2199 sed
2446 2143 2578 2200 ﬁdei
2611 2144 2698 2213 (ut
2726 2143 2958 2216 vocant)
2983 2144 3295 2202 articulum
3349 2146 3695 2213 constituat,

2043 2231 2146 2288 sed
2177 2229 2286 2286 sub
2316 2231 2688 2289 conditione:
2717 2239 2781 2291 ut
2801 2233 2908 2290 hoc
2933 2238 3065 2290 astu
3098 2234 3340 2289 absurdi
3391 2234 3695 2308 quidpiam

2044 2320 2508 2389 ratiocinetur,et
2531 2322 2831 2380 identitate
2848 2328 2921 2381 de
2939 2324 3131 2381 medio
3155 2323 3386 2380 sublata
3436 2318 3692 2399 διὰφορον

2043 2409 2153 2471 hoc
2174 2416 2265 2467 est
2285 2411 2702 2481 diversitatem,
2736 2411 2848 2483 vel,
2882 2413 3093 2486 utipse
3115 2413 3376 2485 loquitur
3415 2410 3698 2485 ἀνόμοιον,

2044 2499 2152 2557 hoc
2172 2505 2263 2556 est
2292 2500 3221 2569 dissimilitudinem,introducat.
3250 2503 3397 2561 Cum
3423 2503 3580 2559 enim
3606 2504 3696 2558 Fi-

2044 2589 2187 2645 lium
2221 2590 2484 2661 ejusdem
2519 2606 2648 2646 esse
2670 2606 2801 2647 cum
2820 2590 2984 2648 Patre
3035 2592 3376 2649 substantia
3425 2592 3696 2663 dicimus,

2043 2681 2102 2735 at
2123 2695 2366 2736 numero
2389 2678 2739 2749 diil‘erre,sic
2767 2696 3038 2752 perverse
3084 2682 3276 2736 denuo
3326 2681 3647 2753 interrogat
3683 2697 3696 2736 :

2044 2768 2197 2824 Num
2220 2769 2269 2823 si
2293 2768 2476 2824 Filius
2497 2770 2833 2830 substantia
2859 2769 3015 2827 idem
3037 2787 3169 2827 cum
3191 2770 3357 2831 Patre
3381 2769 3476 2841 sit,
3499 2769 3697 2826 omnia

2045 2872 2174 2929 qua
2198 2857 2364 2914 Pater
2390 2857 2565 2917 habet
2585 2858 2897 2917 habiturus
2917 2859 3049 2917 est?
3077 2860 3191 2917 Hoc
3240 2860 3395 2916 enim
3425 2860 3540 2916 sibi
3576 2861 3700 2915 vult

2043 2948 2521 3014 identitus.Quod
2545 2948 2811 3005 siomnia
2841 2949 2893 3006 ei
2943 2966 3078 3007 cum
3135 2950 3305 3007 Patre
3361 2949 3699 3005 communia

2043 3036 2278 3100 fuerint,
2313 3041 2469 3094 certe
2494 3042 2552 3092 et
2580 3037 2941 3109 ingeneratio
3001 3041 3066 3094 ut
3121 3038 3400 3095 identitas
3459 3037 3602 3094 Filio
3632 3038 3693 3094 in

2043 3128 2318 3185 omnibus
2349 3132 2577 3201 integra
2605 3135 3003 3188 conservetur.
3038 3131 3343 3204 Ingenitus
3365 3146 3497 3200 ergo
3517 3129 3698 3186 Filius

2044 3218 2222 3275 etiam
2255 3220 2681 3290 erit,siquidem
2714 3221 2883 3279 Pater
2906 3222 3205 3294 ingenitus
3237 3226 3349 3279 est.
3386 3220 3544 3276 Idem
3594 3237 3699 3277 au-

290 3306 483 3357 autem
516 3301 794 3373 peculiari
824 3304 1076 3375 quodam
1104 3304 1240 3374 jure
1269 3307 1327 3360 id
1360 3305 1618 3362 nominis
1659 3306 1937 3379 indeptus
1975 3296 2018 3363 C
2045 3311 2163 3365 tem
2190 3314 2254 3365 ut
2282 3325 2577 3365 summam
2612 3311 2826 3381 dicam,
2856 3316 2946 3367 est
3001 3310 3090 3367 vel
3151 3325 3418 3380 numero,
3450 3309 3536 3364 vel
3565 3325 3699 3380 spc-

291 3396 400 3458 cst,
437 3393 910 3463 quandoquidem
943 3393 1147 3450 multis
1176 3394 1309 3450 aliis
1366 3397 1710 3468 designatur
1757 3398 1941 3454 nomi-

289 3481 462 3536 nibus
495 3498 508 3537 :
544 3482 799 3553 κομήτης
830 3482 985 3538 enim
1019 3488 1075 3538 et
1115 3481 1474 3560 φαλακρίτης,
1533 3490 1590 3542 et
1647 3481 1935 3560 δρομίτης,

286 3574 346 3625 et
374 3566 703 3640 νεωλκίτης,
736 3577 793 3627 et
821 3571 1162 3646 πρωριστὴς,
1195 3578 1251 3629 el:
1277 3574 1553 3643 πενιστής,
1586 3579 1644 3631 et
1673 3574 1805 3632 aliis
1834 3576 1939 3633 hu-

288 3660 552 3731 jusmodi
606 3662 948 3733 designatur
1003 3661 1496 3733 appellationibus
1544 3682 1559 3731 ;
1612 3664 1750 3734 quia
1805 3681 1938 3720 vero

293 3748 465 3819 plura
488 3748 587 3805 illa
612 3749 671 3806 in
713 3766 896 3806 unum
929 3749 1085 3807 velut
1110 3750 1414 3807 cumulum
1450 3752 1816 3824 rediguntur,
1848 3754 1936 3809 id-

296 3837 450 3893 circo
485 3855 627 3894 usus
660 3839 932 3907 obtinuit,
993 3844 1058 3894 ut
1109 3840 1535 3912 argumentatio
1595 3841 1938 3913 hujusmodi

291 3924 581 3999 σωρείτης,
640 3927 751 3983 hoc
799 3932 890 3984 est
944 3929 1322 3997 coacervatio,
1382 3929 1689 3986 diceretur.
1738 3931 1937 3985 Soritae

290 4033 466 4088 porro
522 4016 864 4088 compositio
922 4016 1042 4073 haec
1102 4020 1209 4073 est.
1273 4018 1600 4088 Interrogat
1652 4018 1938 4088 sophista,

290 4112 491 4162 utrum
524 4105 758 4161 modius
791 4121 906 4160 uno
937 4121 1116 4176 grano
1142 4104 1573 4173 complebitur?
1620 4109 1813 4161 utrum
1844 4121 1938 4160 co-

293 4200 486 4251 matus
519 4196 628 4250 erit
658 4194 948 4265 quispiam
985 4210 1101 4249 uno
1133 4191 1339 4264 capillo
1364 4192 1392 4247 ‘2
1420 4197 1521 4249 aut
1549 4192 1793 4251 ditescet
1822 4211 1941 4253 una

289 4284 618 4341 drachma?
650 4288 846 4339 utrum
876 4282 1142 4340 trahetur
1172 4282 1335 4338 navis
1365 4282 1437 4338 ad
1469 4286 1703 4354 portum
1727 4283 1797 4341 ab
1822 4300 1939 4341 uno

287 4373 613 4431 helciario‘?
643 4391 715 4428 an
748 4373 881 4444 quis
924 4374 1192 4444 proprius
1253 4376 1468 4426 metam
1530 4373 1764 4431 accedet
1822 4389 1939 4430 uno

289 4462 524 4536 gradu?
556 4480 630 4518 an
672 4461 1067 4518 decalvabitur
1123 4460 1297 4517 unius
1351 4459 1544 4532 capilli
1590 4459 1882 4519 ablatione
1911 4463 1939 4518 ?

288 4554 352 4610 Si
384 4568 520 4625 ergo
552 4551 801 4623 capillus
834 4567 988 4607 unus
1010 4549 1274 4608 calvariae
1325 4550 1496 4606 nuda
1553 4550 1791 4609 innatus
1824 4553 1943 4610 fue-

2045 3396 2150 3465 cie,
2183 3395 2270 3452 vel
2300 3413 2530 3469 genere,
2562 3396 2674 3467 vel,
2706 3403 2771 3454 ut
2799 3397 2940 3455 alibi
2970 3398 3358 3468 Philosophus
3386 3397 3489 3463 ait,
3516 3396 3697 3451 etiam

2046 3484 2336 3556 analogia,
2369 3501 2471 3540 seu
2504 3488 2898 3558 proportione.
2926 3487 3128 3558 Itaque
3194 3501 3440 3543 numero
3496 3486 3697 3542 eadem

2046 3579 2208 3642 sunt,
2239 3589 2627 3646 quiscumque
2655 3575 2729 3631 de
2760 3592 2875 3631 uno
2907 3577 3170 3647 subjecto
3215 3575 3513 3642 dicuntur,
3554 3590 3699 3643 qua-

2046 3662 2126 3716 lia
2155 3668 2320 3732 sunt,
2352 3666 2418 3718 ut
2442 3661 2525 3721 ita
2554 3662 2770 3735 dicam,
2805 3665 3156 3736 polyonyma
3220 3679 3324 3718 seu
3381 3661 3695 3731 azquivoca.

2047 3751 2219 3809 Ensis
2247 3751 2425 3821 enim,
2457 3753 2693 3825 gladius
2722 3759 2780 3808 et
2805 3769 3007 3809 mucro
3037 3753 3240 3808 eadem
3263 3754 3403 3806 sunt
3428 3764 3698 3819 numero,

2047 3839 2187 3911 quia
2217 3857 2399 3896 unum
2431 3842 2517 3896 eis
2548 3842 2879 3910 subjectum
2909 3845 3020 3904 est,
3053 3839 3210 3910 quod
3241 3838 3438 3909 ipsum
3500 3854 3533 3893 a
3579 3836 3697 3894 sei-

2047 3943 2155 3998 pso
2182 3944 2299 3983 non
2328 3928 2558 3982 dilI‘ert:
2592 3927 2920 3997 quamlibet
2950 3926 3196 3987 diversis
3229 3926 3570 3983 nominibus
3601 3943 3699 3982 ex-

2047 4019 2307 4071 ornetur.
2340 4015 2554 4070 Eadem
2588 4014 2783 4087 specie
2812 4020 2974 4084 sunt,
3005 4031 3391 4087 quaecumque
3433 4014 3535 4070 uni
3565 4015 3698 4085 qui-

2047 4104 2181 4158 dem
2213 4102 2429 4173 speciei
2463 4103 2885 4174 subjiciuntur,
2914 4121 3159 4163 numero
3218 4109 3414 4161 tamen
3460 4104 3611 4163 inter
3636 4120 3699 4160 se

2047 4191 2340 4259 dilI'erunt,
2373 4196 2429 4248 et
2459 4193 2787 4264 quamlibet
2815 4196 3082 4267 personis
3140 4212 3174 4251 a
3228 4211 3293 4251 se
3320 4193 3699 4264 distinguan-

2047 4286 2164 4347 tur,
2197 4280 2389 4353 specie
2412 4285 2609 4338 tamen
2640 4281 3088 4355 haudquaquam
3133 4283 3432 4343 ditt'erunt.

2118 4370 2160 4426 E
2193 4370 2484 4427 contrario
2513 4388 2644 4443 quas
2665 4387 2909 4431 numero
2930 4375 3238 4444 specieque
3283 4372 3514 4428 diversa
3539 4375 3698 4440 sunt,

2047 4476 2117 4516 ea
2148 4464 2414 4517 mutuam
2445 4461 2682 4529 quidem
2714 4478 2749 4519 a
2778 4462 2991 4534 seipsis
3021 4462 3226 4519 sortita
3255 4465 3395 4518 sunt
3423 4460 3699 4517 differen-

2049 4549 2216 4618 tiam,
2248 4548 2583 4607 communis
2641 4557 2833 4611 tamen
2892 4549 2979 4608 eis
3034 4550 3269 4623 generis
3323 4548 3472 4607 ratio
3522 4550 3698 4607 inest.

284 4642 385 4710 rit,
421 4658 650 4698 comam
683 4646 785 4696 aut
814 4640 1111 4697 caesariem
1147 4656 1258 4696 non
1294 4639 1453 4707 facit,
1506 4656 1696 4712 neque
1736 4641 1935 4699 calvus
1967 4636 2012 4701 Ι)
2044 4638 2232 4704 Quam
2263 4655 2435 4711 porro
2458 4638 2736 4713 analogia
2768 4640 3132 4698 identitatem
3164 4639 3438 4709 dicimus,
3491 4655 3558 4696 ea
3587 4640 3700 4696 hoc

286 4731 404 4787 alio
437 4731 609 4786 modo
638 4728 947 4800 capillatus
977 4730 1182 4785 evadet
1239 4729 1418 4784 unius
1474 4730 1807 4787 accessione
1834 4747 1934 4791 ca-

287 4819 439 4892 pilli,
472 4820 573 4875 sed
604 4820 654 4874 si
687 4835 838 4875 unus
873 4818 1125 4891 capillus
1149 4818 1209 4874 in
1240 4817 1541 4874 infinitum
1575 4818 1937 4890 multiplice-

289 4916 403 4977 tur,
438 4925 506 4964 ex
537 4908 766 4981 capillis
804 4909 905 4981 qui
934 4909 1339 4981 praecesserint
1369 4908 1720 4967 conﬂabitur
1747 4926 1936 4971 coma:

287 5015 401 5054 noc
434 5015 548 5055 uno
580 4999 712 5055 item
741 5013 922 5070 grano
952 4998 1341 5070 complebitur
1396 4997 1653 5067 modius,
1686 5000 1790 5057 sed
1839 5001 1939 5059 illo

280 5103 518 5160 semper
547 5087 858 5145 accedente
886 5088 1253 5161 subindeque
1284 5086 1669 5161 multiplicato
1700 5091 1937 5149 tandem

286 5177 556 5234 modium
632 5176 911 5249 compleri
973 5177 1287 5251 continget,
1346 5193 1454 5235 nec
1509 5178 1686 5237 unius
1741 5180 1939 5252 capilli

288 5266 588 5323 ablatione
613 5265 1012 5324 decalvabitur
1040 5266 1293 5323 calvaria
1324 5281 1338 5321 :
1372 5266 1482 5324 sed
1520 5265 1570 5324 si
1598 5267 1851 5327 subinde
1878 5269 1939 5326 id

285 5355 621 5428 saepiusque
682 5355 880 5426 iacias,
940 5354 1234 5412 calvitium
1294 5355 1532 5413 tandem
1608 5356 1728 5413 ﬂet.
1792 5360 1938 5427 Quia

290 5460 428 5516 ergo
460 5448 631 5518 plura
662 5446 717 5501 in
753 5443 999 5519 σωρείαν,
1032 5446 1137 5503 hor
1172 5449 1261 5503 est
1292 5461 1472 5501 unum
1529 5444 1690 5502 velut
1739 5462 1941 5506 cumu-

284 5533 414 5589 lum
446 5539 879 5605 coacervantur,
913 5540 977 5592 ut
1004 5534 1066 5591 in
1094 5533 1229 5592 villa
1260 5534 1536 5591 cumulus
1589 5549 1770 5603 aereae,
1803 5536 1939 5595 inde

278 5624 474 5680 soritas
507 5642 611 5684 seu
642 5624 1100 5685 coacervationis
1131 5623 1526 5698 paralogismo
1544 5623 1800 5685 inditum
1834 5644 1937 5685 no-

280 5728 417 5773 men
450 5722 556 5774 981..

2051 4727 2339 4784 elucescet
2381 4728 2666 4800 exemplo.
2726 4733 2946 4803 Corpus
3002 4736 3059 4788 et
3111 4732 3367 4791 animam
3422 4728 3694 4797 dicimus,

2049 4818 2260 4876 deinde
2290 4820 2574 4891 quasdam
2598 4836 2911 4892 corporum
2934 4820 3453 4893 partes,quasdam
3484 4824 3542 4874 et
3571 4816 3697 4874 ani-

2049 4923 2279 4965 morum
2317 4908 2691 4979 subjicimus,
2745 4911 2894 4967 alias
2949 4910 3191 4982 quidem
3249 4910 3521 4982 majores,
3550 4907 3697 4962 alias

2048 5014 2183 5056 vero
2210 4997 2788 5072 minores.Cumergo
2818 5000 3147 5073 analogiam
3171 4999 3438 5071 utrisque
3467 4997 3529 5053 in
3559 5012 3695 5068 par-

2046 5088 2207 5144 tibus
2263 5103 2390 5145 esse
2446 5088 2773 5160 ostendero,
2831 5088 3200 5148 identitatem
3268 5085 3697 5161 quodammodo

2046 5174 2439 5232 introducam.
2474 5175 2621 5242 Quia
2649 5177 2807 5235 enim
2834 5177 3294 5249 pulcherrimum
3344 5174 3525 5232 totius
3571 5189 3695 5229 cor-

2048 5264 2207 5338 poris
2239 5265 2570 5322 membrum
2627 5272 2718 5325 cst
2774 5267 3002 5335 oculus,
3066 5267 3281 5324 idcirco
3340 5280 3508 5321 mens
3538 5263 3692 5319 idem

2046 5357 2243 5427 ipsum
2272 5365 2357 5413 est
2380 5355 2438 5411 in
2457 5356 2674 5426 animo,
2691 5356 2874 5415 videri
2899 5363 2964 5414 ut
2985 5362 3194 5416 cetera
3214 5355 3452 5428 quidem
3471 5354 3697 5410 diversa

2046 5446 2186 5513 sint,
2219 5462 2431 5518 corpus
2461 5453 2518 5503 et
2571 5447 2791 5521 anima,
2849 5448 3057 5506 oculus
3117 5452 3175 5505 et
3204 5463 3386 5517 mens,
3416 5447 3692 5502 identitas

2047 5544 2238 5594 autem
2267 5535 2328 5591 in
2357 5534 2484 5593 sola
2511 5535 2844 5596 inveniatur
2874 5538 3163 5611 analogia.
3220 5538 3367 5603 Quia
3418 5550 3553 5609 ergo
3610 5537 3695 5590 tot

2047 5626 2236 5685 modis
2258 5624 2367 5681 hoc
2425 5642 2636 5683 nomen
2692 5629 3051 5701 enuntiatur,
3106 5645 3222 5686 non
3252 5626 3527 5698 estquod
3564 5623 3694 5695 quis

2046 5715 2414 5776 identitatem
2445 5716 2668 5790 passim
2699 5718 2864 5779 nulla
2899 5718 3160 5779 adhibita
3199 5715 3528 5777 diti‘erentia
3549 5712 3693 5772 sub-

2846 5874 2867 5903 ν
