4058 6212
467 362 625 424 1415

1783 339 2088 403 ΝΙΟΕΤᾹΞ
2130 338 2561 400 ΟΗΟΝΙΑΤίΕ

3729 342 3872 400 1416

473 493 695 560 audiat,
729 490 778 546 si
810 487 1018 545 saltem
1051 501 1118 542 ex
1159 483 1359 554 logica:
1419 476 1800 552 philosOpbiaa
1863 475 2119 530 fontibus
2150 475 2200 540 Α
2235 485 2618 544 personarum
2655 489 2668 522 :
2700 472 3062 537 Quaeramus,
3087 467 3299 539 inquit,
3333 485 3602 540 quaenam
3638 471 3697 526 in
3729 477 3877 529 utro-

475 601 537 640 se
568 581 872 654 quidpiam
905 576 1174 632 hausisse
1203 572 1494 644 praedicet,
1527 569 1643 624 imo
1675 583 1806 622 vero
1835 581 1905 619 ne
1955 565 2120 618 abso-

476 653 598 729 lute
626 671 857 744 quidem
894 670 1092 738 ponat,
1120 663 1222 719 sed
1253 661 1338 716 vel
1365 675 1696 722 numerum,
1729 657 1812 710 vel
1846 653 2121 726 speciem,

474 763 562 820 vel
595 776 801 833 genus,
832 758 914 813 vel
951 754 1277 826 analogiam
1315 750 1509 806 addat.

545 832 862 907 Anemoeus
894 855 1114 914 autem,
1148 842 1229 898 vel
1261 841 1398 912 quia
1429 854 1668 910 prorsus
1690 837 1746 890 in
1780 832 2119 903 hujusmodi

477 939 840 1014 argumentis
870 935 1121 1004 caecutit,
1147 932 1234 987 vel
1267 930 1404 1000 quia
1430 927 1644 1000 logices
1704 926 1844 980 artis
1891 920 2124 1014 imper-i-

475 1009 575 1088 tus
605 1035 715 1099 est,
745 1028 959 1084 idcirco
1018 1023 1185 1078 nobis
1243 1020 1483 1090 objicit:
1541 1016 1597 1069 Si
1659 1015 1839 1070 Filius
1870 1009 2124 1066 essentia

475 1123 632 1177 idem
664 1124 753 1176 est
773 1134 905 1172 cum
940 1115 1124 1180 Patre,
1161 1110 1460 1181 ingenitus
1489 1107 1664 1160 etiam
1699 1103 1828 1166 erit,
1858 1101 1996 1172 quia
2026 1099 2122 1154 ille

478 1210 776 1283 ingenitus
807 1212 913 1270 est,
949 1204 1035 1260 vel
1067 1204 1240 1258 etiam
1274 1205 1439 1254 Pater
1470 1196 1699 1268 genitus
1733 1198 1840 1256 est,
1874 1189 2011 1283 quia
2033 1189 2120 1283 Fif

474 1279 590 1357 liu-s
615 1299 886 1371 genitus;
920 1295 1001 1349 ita
1057 1297 1120 1347 ut
1152 1291 1318 1346 Pater
1373 1287 1452 1343 sit
1511 1279 2032 1356 ingenitogenitus,
2067 1281 2121 1332 et

473 1391 654 1448 Filius
688 1382 1205 1460 genitoingenitus.

1161 1500 1317 1553 CAP.
1347 1497 1434 1550 LI.

470 1627 635 1682 Patri
661 1628 710 1679 et
744 1622 880 1677 Filio
910 1617 1154 1673 eamdem
1177 1620 1228 1670 et
1281 1607 1779 1682 incommutabilem
1828 1603 2119 1682 essentiam

536 1676 677 1760 esse,
693 1676 916 1748 diversa
947 1704 1068 1744 vero
1098 1688 1350 1742 essentia:
1383 1681 1716 1751 adjaceniz'a,
1771 1691 1840 1730 ex
1883 1676 1943 1727 Β.
1997 1677 2116 1728 Να-

539 1770 825 1824 πρίαηῖρεηο.

541 1879 1056 1939 Verumenimvero
1089 1873 1418 1941 Theologus
1450 1867 1733 1925 astruenti
1761 1883 1773 1919 :
1834 1865 1892 1919 Si
1935 1862 2114 1917 Filius

471 1974 624 2028 idem
658 1969 911 2026 essentia
933 1983 1064 2021 cum
1099 1965 1263 2018 Patre
1296 1959 1696 2028 sit,ingenitus
1726 1958 1922 2010 autem
1950 1952 2114 2006 Pater

471 2066 575 2128 est,
608 2059 876 2114 eumdem
911 2068 1143 2126 quoque
1172 2049 1380 2105 Filium
1415 2063 1542 2102 esse
1573 2046 1859 2108 futurum,
1900 2041 1984 2096 sic
2015 2055 2114 2093 oc-

469 2151 651 2206 currit
685 2165 697 2203 :
732 2147 791 2202 Si
825 2145 1060 2216 quidem
1095 2139 1418 2211 ingenitum
1455 2137 1535 2190 sit
1593 2132 1780 2189 Patris
1837 2132 2113 2196 essentia,

468 2239 672 2303 Filius,
705 2236 838 2308 quia
870 2235 1024 2288 idem
1057 2230 1313 2286 essentia
1343 2242 1475 2282 cum
1510 2229 1675 2278 Patre
1707 2221 1798 2286 sit,
1819 2220 2115 2290 ingenitus

466 2331 640 2385 etiam
682 2327 826 2392 erit;
889 2323 980 2377 sin
1035 2317 1396 2391 ingeneratio
1451 2313 1610 2368 aliud
1676 2310 1978 2382 quidpiam
2041 2309 2112 2361 ab

467 2417 719 2475 essentia
751 2415 846 2483 sit,
882 2413 978 2483 qui
1015 2413 1098 2477 fit,
1134 2416 1196 2464 ut
1221 2425 1352 2462 cum
1387 2407 1458 2460 de
1493 2404 1603 2459 alio
1642 2398 2110 2470 interrogaveris,

470 2507 784 2563 concludas
810 2503 838 2556 ?
863 2504 1004 2560 Nam
1039 2501 1086 2554 si
1122 2506 1340 2553 natura:
1365 2495 1584 2550 ratione
1605 2493 1770 2546 Pater
1801 2490 1928 2561 ipsa
1959 2489 2114 2559 inge-

472 2595 693 2652 neratio
724 2598 896 2658 esset,
929 2593 1247 2659 caeteraque
1307 2586 1415 2641 sub
1474 2579 1905 2653 ingeneratione
1953 2594 2110 2633 com-

471 2685 990 2758 prehenderentur,
1023 2697 1128 2751 par
1156 2681 1311 2732 esset
1345 2679 1408 2729 ut
1459 2673 1643 2727 Filius
1691 2684 1921 2741 quoque
1953 2668 2112 2738 inge-

471 2775 692 2830 neratio
724 2770 1181 2834 diceretur.Quia
1211 2783 1342 2820 vero
1377 2762 1560 2818 Patris
1617 2759 1870 2814 essentia
1927 2758 2112 2811 diver-

469 2882 596 2920 sum
626 2862 928 2934 uuidpiam
963 2869 1047 2914 est
1079 2859 1148 2912 ab
1183 2853 1640 2927 ingeneratione,
1674 2867 1809 2903 nam
1869 2847 1929 2902 in
1988 2848 2116 2918 ipsa

467 2958 675 3008 natura
705 2949 1200 3022 ingenerationem
1258 2959 1486 3014 quoque
1544 2939 2005 3002 consideramus,
2045 2952 2111 2989 eo

467 3045 630 3110 tit,ut
661 3040 922 3097 essentiaz
957 3039 1178 3093 ratione
1213 3033 1390 3090 Filius
1420 3033 1569 3086 idem
1604 3045 1736 3082 cum
1798 3032 1964 3081 Patre
2019 3025 2109 3091 sit,

468 3131 692 3186 ratione
722 3137 910 3183 autem
942 3121 1415 3196 ingenerationis,
1449 3135 1563 3174 non
1607 3118 1769 3183 item,
1804 3132 1935 3170 cum
1996 3130 2108 3168 non

2233 578 2341 632 que
2373 561 2449 615 sit
2479 560 2756 627 essentia,
2791 559 2958 630 quasi
2993 559 3150 614 dicat
3179 577 3191 613 :
3227 559 3284 613 Si
3313 558 3707 626 identitatem,
3734 580 3764 617 ο
3791 563 3879 618 he-

2233 650 2522 716 terodoxe,
2583 667 2685 704 seu
2747 648 3040 702 diversum
3101 665 3134 702 a
3189 648 3496 703 catholicis
3539 652 3792 706 sentiens
3818 655 3872 708 in

2231 739 2486 795 essentia
2545 755 2750 808 ponas,
2811 739 3358 808 deprehensumque
3415 738 3496 793 sit
3557 740 3869 811 ingenitum

2233 846 2344 884 non
2378 845 2507 884 esse
2538 827 2638 883 Dei
2671 828 3014 891 essentiam,
3047 828 3146 882 sed
3182 827 3623 898 proprietatem,
3665 847 3786 900 qua:
3817 831 3870 886 in

2231 917 2482 973 essentia
2512 917 2937 983 consideretur,
2988 920 3090 971 aut
3156 916 3302 971 hanc
3355 918 3760 987 preprietatem
3795 923 3866 974 in-

2231 1008 2398 1062 docte
2427 1023 2794 1078 quocumque
2848 1007 2936 1061 vis
2998 1006 3243 1061 transfer
3294 1010 3354 1060 et
3410 1012 3717 1078 transpone
3749 1027 3764 1063 :
3797 1027 3864 1064 an

2230 1095 2495 1151 videlicet
2550 1096 2658 1152 hac
2716 1095 3006 1150 immobili
3066 1102 3351 1162 manente,
3411 1103 3470 1151 ut
3545 1099 3864 1169 proprietas

2231 1201 2461 1255 quoque
2493 1185 2609 1240 vim
2643 1185 2734 1240 sui
2771 1184 3028 1239 nominis
3057 1191 3377 1252 conservet,
3421 1203 3735 1256 quaramus
3765 1205 3857 1243 es-

2230 1274 2479 1328 sentiam
2525 1275 2644 1340 Dei,
2678 1291 2749 1330 ne
2780 1291 2913 1329 cum
2945 1274 3309 1330 identitatem
3373 1275 3430 1330 in
3490 1293 3556 1330 ea
3586 1278 3852 1332 inveneri-

2230 1379 2380 1431 mus,
2417 1364 2798 1436 proprietates
2829 1369 3309 1436 transponamus,
3365 1380 3471 1419 nec
3513 1367 3668 1421 enim
3723 1368 3865 1420 vani-

2229 1451 2449 1523 loquiis
2481 1453 2686 1524 nugari
2722 1453 3014 1522 volumus,
3048 1453 3214 1524 quasi
3244 1470 3348 1509 nos
3379 1455 3781 1524 accingamus,
3814 1464 3871 1509 ut

2227 1557 2440 1597 vanum
2471 1542 2529 1598 ln
2563 1540 2736 1598 caelos
2768 1542 2876 1598 iter
2908 1543 3332 1615 ingrediamur.

2890 1669 3042 1725 CAP.
3091 1670 3206 1725 LII.

2227 1784 2360 1868 Quae
2391 1784 2704 1857 di/ferentia
2735 1787 2806 1868 ait
2838 1787 2987 1841 inter
3019 1787 3185 1868 Deum
3213 1789 3263 1840 et
3307 1788 3642 1868 ingenitum.
3704 1792 3869 1868 Oppo-

2290 1860 2522 1938 sitarum
2579 1857 2872 1938 generibus
2930 1861 3167 1938 quatuor
3206 1861 3526 1929 propositis,
3562 1857 3868 1931 ingenitam

2292 1931 2476 1998 genito
2503 1929 2788 1999 pri-votive
2811 1929 3029 2000 opponi.

2293 2055 2437 2118 Quia
2477 2071 2606 2110 vero
2666 2054 3004 2123 Eunomius,
3062 2071 3197 2109 cum
3257 2055 3588 2127 ingenitum
3649 2058 3864 2115 Patrem

2223 2150 2523 2212 statueret,
2557 2144 2690 2199 huic
2719 2161 2945 2215 quoque
2999 2149 3181 2200 Deum
3239 2145 3469 2216 proprie
3509 2147 3736 2203 loeutus
3760 2150 3864 2202 ad-

2223 2235 2416 2300 debat,
2450 2233 2839 2304 eamdemque
2871 2234 3198 2303 ingenitum
3229 2238 3286 2288 et
3340 2235 3509 2289 Deum
3567 2235 3788 2290 Patrem
3822 2256 3853 2291 a

2224 2326 2425 2382 sedici
2461 2327 2720 2398 putabat,
2779 2325 2984 2380 Filium
3045 2331 3242 2380 autem
3295 2326 3503 2381 ratione
3546 2329 3736 2397 gratias
3791 2335 3849 2382 et

2223 2415 2717 2486 participationis,
2756 2413 2969 2470 idcirco
3000 2414 3169 2468 Pater
3198 2413 3506 2485 Gregorius
3530 2417 3612 2469 sic
3643 2418 3722 2469 ait
3754 2433 3767 2469 ε
3796 2418 3857 2471 Si

2222 2503 2377 2559 Deus
2409 2510 2467 2558 et
2499 2504 2825 2576 ingenitum
2885 2501 3035 2557 nihil
3093 2503 3246 2558 inter
3302 2521 3365 2560 se
3396 2504 3683 2571 differant,
3720 2522 3863 2559 enm-

2221 2595 2472 2665 demque
2552 2593 2818 2648 habitum
2881 2592 3033 2648 circa
3080 2594 3366 2648 exteriora
3418 2593 3688 2656 habeant,
3744 2595 3869 2649 vide

2224 2699 2360 2738 num
2393 2682 2545 2736 aliud
2577 2699 2710 2736 cum
2745 2681 2967 2747 habitu,
3028 2680 3185 2735 aliud
3237 2682 3362 2737 sine
3418 2681 3616 2737 habitu
3661 2683 3761 2737 sit.
3797 2682 3872 2736 Si-

2223 2771 2458 2841 quidem
2521 2771 2669 2825 Deus
2719 2769 2963 2824 aliorum
3033 2773 3184 2824 Deus
3231 2769 3461 2826 dicitur.
3552 2771 3643 2825 Ait
3715 2771 3868 2826 enim

2221 2859 2516 2930 Scriptura
2549 2877 2561 2913 :
2599 2859 2736 2913 Deus
2766 2858 2992 2913 deorum
3021 2856 3089 2910 5‘.
3125 2859 3453 2930 Ingenitum
3487 2865 3687 2913 autem
3754 2861 3876 2914 nul-

2220 2948 2408 3003 lorum
2442 2948 2653 3002 dicitur
2685 2946 3036 3018 ingenitum.
3088 2951 3209 3001 Hoc
3267 2948 3420 3002 enim
3479 2965 3670 3018 neque
3701 2965 3872 3018 ange-

2222 3037 2434 3106 lorum,
2496 3054 2681 3108 neque
2741 3036 3060 3101 hominum,
3118 3052 3306 3107 neque
3373 3036 3552 3092 ullius
3640 3039 3873 3092 omnino

2221 3132 2502 3181 creaturas
2535 3131 2641 3181 est.
2676 3125 2820 3187 Quia
2849 3140 2986 3190 ergo
3018 3125 3341 3195 ingenitum
3378 3125 3599 3180 nullius
3633 3131 3745 3194 est,
3781 3144 3874 3181 ne-

471 3221 548 3276 sit
577 3219 850 3276 essentia.
887 3217 1090 3287 itaque
1124 3213 1278 3268 Patri
1310 3215 1365 3265 et
1397 3209 1536 3264 Filio
1565 3207 1760 3261 eadem
1794 3210 1901 3268 est,
1937 3208 1992 3258 et
2024 3204 2114 3256 in-
2145 3218 2188 3280 ο
2229 3233 2342 3287 que
2369 3221 2514 3270 υευε
2547 3215 2798 3270 “norum
2833 3216 2964 3271 erit,
2998 3215 3170 3286 Atqui
3202 3221 3348 3271 Deus
3383 3216 3720 3288 aliquorum
3774 3223 3872 3282 est,

473 3306 909 3363 commutabilis
939 3303 1214 3369 essentia,
1249 3301 1477 3355 diversa
1505 3313 1637 3351 vero
1668 3294 1928 3350 essentia:
1953 3292 2112 3362 adja-

475 3393 664 3447 centia
693 3396 852 3447 sunt.
883 3392 942 3445 Si
975 3407 1108 3460 ergo
1142 3390 1196 3441 in
1227 3386 1493 3441 assentire
1550 3381 1943 3454 adjacentium
2005 3379 2112 3434 ali-

473 3497 585 3552 quo
619 3479 800 3534 Filius
831 3496 863 3533 a
893 3478 1055 3532 Patre
1087 3476 1333 3539 diticrat,
1403 3472 1540 3543 quid
1604 3471 1776 3526 novi?
1813 3470 1929 3524 Nec
1959 3468 2112 3523 enim

466 3568 797 3625 identitatis
827 3566 998 3635 vires,
1033 3571 1094 3620 ut
1125 3569 1234 3618 tua:
1265 3562 1362 3634 qui
1388 3561 1528 3617 talia
1559 3562 1790 3626 deﬁuis,
1823 3562 2109 3629 quantum

466 3659 537 3714 ad
569 3657 889 3714 essentiam
922 3655 1190 3726 pertinet,
1228 3652 1642 3721 int’ringuntur,
1675 3654 1774 3703 aut
1805 3647 2110 3701 debilitan-

467 3756 590 3804 tur:
627 3747 843 3818 alioqui
877 3750 936 3800 tu
973 3759 1205 3816 quoque
1237 3743 1414 3814 patris
1448 3741 1530 3794 tui
1567 3743 1726 3810 pater
1757 3735 1868 3790 dici
1898 3734 2109 3805 possis,

466 3855 538 3892 ne
564 3837 704 3908 quid
737 3835 1031 3904 omittam,
1066 3832 1201 3904 quia
1234 3832 1385 3887 idem
1419 3845 1550 3885 cum
1583 3826 1683 3881 illo
1740 3824 1998 3880 essentia
2028 3839 2107 3878 es.

471 3925 820 3996 Hujusmodi
853 3940 1021 3995 porro
1052 3923 1248 3993 Opinio
1280 3920 1582 3975 illudentis
1613 3924 1699 3972 est
1727 3920 1784 3971 et
1815 3913 2112 3986 sophistae:

470 4016 529 4070 Si
589 4015 764 4082 enim,
823 4013 1007 4083 inquit
1059 4011 1177 4076 ille,
1236 4009 1450 4080 quibus
1505 4005 1772 4062 essentias
1840 4003 2112 4058 identitas

467 4103 642 4171 inest,
676 4103 733 4158 in
769 4103 840 4157 iis
874 4100 1135 4156 essentize
1167 4112 1398 4169 quoque
1431 4093 1762 4164 adjaceutia
1787 4091 2114 4146 indifferen-

466 4195 549 4249 tia
578 4197 734 4259 sunt,
769 4197 950 4262 tuque
979 4189 1133 4243 idem
1164 4203 1226 4241 es
1283 4185 1538 4240 essentia
1590 4197 1722 4236 cum
1785 4185 1945 4251 patre
1990 4185 2111 4246 tuo,

461 4283 789 4352 diciturque
824 4285 878 4334 in
915 4279 1012 4333 illo
1076 4274 1416 4347 p'tternitas,
1449 4272 1509 4326 in
1544 4277 1597 4326 to
1656 4275 1850 4325 autem
1886 4268 2111 4334 ﬁliatio,

460 4374 764 4445 trahisque
798 4371 1164 4427 identitatem
1197 4367 1265 4421 ad
1330 4364 1525 4420 omnia
1559 4381 1572 4418 :
1624 4379 1739 4418 non
1774 4361 1988 4424 solum,
2023 4360 2113 4414 in-

462 4480 660 4536 quam,
692 4463 761 4517 ad
795 4459 1136 4525 essentiam,
1160 4457 1258 4512 sed
1294 4454 1560 4511 essentiae
1621 4467 1855 4524 quoque
1907 4451 1976 4506 ad
2009 4451 2114 4504 ad-

2221 3320 2354 3376 ergo
2389 3305 2670 3360 idemnon
2708 3309 2843 3360 sunt
2868 3305 3022 3360 Deus
3053 3310 3109 3359 et
3157 3304 3505 3375 ingenitum.
3571 3307 3718 3361 Nam
3755 3325 3870 3376 quae

2220 3395 2276 3448 in
2312 3395 2586 3450 omnibus
2617 3396 2813 3448 eadem
2849 3398 3010 3461 sunt,
3043 3409 3111 3447 ea
3167 3395 3420 3449 similem
3485 3395 3870 3467 prolationem

2219 3482 2470 3538 habent:
2507 3487 2570 3537 ut
2603 3498 2736 3537 cum
2769 3481 3053 3536 dicimus:
3091 3480 3374 3547 Mortalis,
3427 3484 3624 3553 homo,
3661 3484 3867 3540 horum

2220 3572 2523 3626 nominum
2554 3577 2868 3641 utrumque
2926 3571 3263 3626 absolutum
3314 3578 3449 3626 est:
3512 3590 3646 3628 cum
3685 3590 3868 3630 vero:

2219 3660 2604 3724 Providentia,
2633 3678 2769 3714 cura
2803 3659 3028 3732 σχετικὰ
3061 3676 3161 3715 seu
3188 3660 3371 3715 relata
3425 3671 3582 3716 sunt.
3621 3663 3679 3717 Si
3738 3680 3867 3720 vero

2217 3751 2543 3820 ingenitum
2577 3750 2750 3804 etiam
2783 3749 2918 3802 κατᾶ
2951 3747 3158 3821 σχέσιν,
3194 3750 3302 3804 hoc
3331 3755 3421 3805 est
3452 3751 3707 3816 relative,
3731 3770 3863 3823 pro-

2211 3841 2452 3904 teratur,
2485 3839 2725 3893 ostende
2757 3855 3148 3910 quorumnam
3183 3840 3259 3893 sit
3290 3839 3634 3910 ingenitum.

2279 3927 2363 3981 Tu
2399 3926 2447 3980 si
2479 3927 2733 3981 vicissim
2769 3945 2801 3980 a
2836 3943 2927 3981 me
2960 3926 3126 3996 petis,
3161 3944 3556 3997 quorumnam
3584 3929 3727 3983 Deus
3751 3928 3854 3983 ha-

2213 4014 2335 4071 bitu
2370 4031 2471 4070 seu
2511 4015 2787 4070 relatione
2817 4016 3079 4070 dicatur:
3115 4016 3402 4086 omnium,
3467 4019 3727 4088 inquam.
3756 4018 3868 4080 Qui

2219 4121 2354 4175 ergo
2388 4104 2509 4159 fieri
2545 4109 2752 4176 potest,
2787 4110 2847 4159 ut
2878 4105 3031 4159 idem
3084 4106 3161 4160 sit
3218 4105 3364 4160 Deus
3419 4113 3480 4161 et
3521 4107 3877 4179 ingenitum,

2221 4196 2270 4249 si
2304 4195 2506 4249 horum
2545 4195 2844 4249 nominum
2877 4194 3150 4265 alterum,
3184 4211 3392 4266 nempe
3415 4197 3591 4264 Deus,
3625 4198 3684 4250 in
3721 4198 3878 4264 alio;

2222 4283 2470 4338 alterum
2501 4299 2654 4352 vero,
2688 4281 2909 4338 scilicet
2933 4283 3283 4354 ingenitum,
3306 4286 3360 4339 in
3395 4286 3593 4356 seipso
3619 4288 3885 4342 circum-

2223 4371 2555 4426 scribatur?

2296 4461 2507 4516 Adhmc
2538 4477 2670 4516 cum
2701 4461 3028 4532 ingenitum
3067 4467 3124 4517 et
3165 4465 3421 4531 genitum
3457 4464 3612 4520 inter
3645 4482 3714 4520 se
3746 4483 3891 4521 con-

457 4555 731 4625 jacentia,
766 4552 899 4607 inde
931 4556 1084 4606 certe
1115 4550 1526 4638 consequatur,
1563 4548 1625 4638 ut
1803 4542 1987 4638 patris
2029 4539 2115 4595 tui
2147 4575 2190 4638 Β
2223 4551 2401 4604 traria
2431 4551 2570 4615 sint,
2607 4557 2667 4604 ut
2692 4551 2928 4606 habitus
2951 4556 3006 4607 et
3023 4553 3286 4623 privatio,
3322 4553 3662 4609 Aristoteles
3685 4562 3892 4610 autem

466 4645 760 4716 pater,il|e
786 4659 915 4698 vero
948 4649 1105 4706 tuus,
1139 4641 1249 4695 hoc
1279 4642 1369 4694 cst
1399 4637 1500 4693 ﬁlii
1531 4637 1621 4691 sui
1654 4636 1810 4690 ﬁlius
1850 4635 1926 4688 sit
1953 4650 1966 4688 :
1997 4650 2111 4704 quo

465 4734 609 4806 quid
645 4732 824 4802 magis
851 4729 1161 4786 ridiculum
1186 4729 1214 4783 ‘i

535 4829 622 4880 An
654 4820 918 4876 videlicet
948 4833 1080 4874 cum
1116 4815 1435 4872 immobilis
1476 4817 1710 4869 maneat
1769 4811 2112 4884 proprietas,

460 4927 810 4986 quaeremus,
846 4909 928 4965 ait
962 4906 1082 4974 ille,
1137 4921 1410 4978 quamam
1471 4903 1548 4959 sit
1605 4900 1856 4959 essentia
1905 4901 2029 4968 Dei,
2065 4901 2115 4956 si

457 4998 842 5075 quaeramus?
876 4999 1267 5068 Posteaquam
1301 4995 1456 5051 enim
1500 4995 1752 5065 nugator
1804 4991 2113 5045 Anomaeus

455 5093 616 5150 velut
644 5089 771 5145 alea
791 5107 892 5162 pro
917 5087 1162 5142 libidine
1184 5081 1786 5150 nominalusit,rebus
1809 5080 1867 5134 in
1900 5078 2112 5134 divinis

463 5181 792 5253 sophistam
827 5195 1026 5252 agens,
1059 5185 1112 5233 et
1142 5179 1199 5231 in
1233 5176 1303 5231 iis
1336 5194 1465 5248 quae
1499 5192 1611 5230 non
1639 5172 2112 5244 intelligit,atque

463 5271 887 5342 nunc,quidem
924 5267 1248 5339 ingenitum
1275 5266 1558 5338 genitum,
1593 5278 1747 5318 nunc
1778 5277 1908 5316 vero
1951 5262 2109 5331 inge-

463 5365 654 5418 nitum
691 5362 954 5430 genitum
988 5373 1118 5413 esse
1144 5355 1424 5421 ostendit,
1477 5354 1536 5408 in
1597 5353 1668 5406 iis
1722 5351 1930 5406 ludens
1988 5366 2112 5420 quae

462 5447 685 5502 ludicra
719 5466 832 5506 non
866 5452 1054 5505 sunt:
1115 5461 1363 5517 magnus
1421 5442 1518 5498 ille
1572 5442 1738 5497 Pater
1786 5439 2111 5496 immobilia

463 5547 812 5592 conservans
869 5539 994 5594 haec
1051 5535 1310 5602 nomina,
1389 5537 1668 5604 tanquam
1730 5530 2110 5603 proprietates

536 5643 582 5680 ⁸⁴
615 5646 771 5701 Psal.
805 5667 953 5721 χιιι,
991 5656 1039 5706 1.

2223 4639 2644 4708 Oppositionem
2669 4639 2726 4694 in
2747 4645 3000 4711 quatuor
3033 4641 3272 4710 dividat,
3307 4643 3369 4698 in
3402 4647 3808 4709 contrarium,
3838 4647 3896 4697 in

2224 4728 2279 4781 id
2315 4731 2467 4799 quod
2487 4728 2683 4784 habitu
2715 4737 2768 4783 et
2800 4729 3141 4800 privatione,
3177 4730 3235 4784 in
3297 4731 3354 4785 id
3414 4733 3568 4802 quod
3621 4732 3902 4800 relative,

2224 4821 2281 4872 et
2313 4818 2369 4872 in
2404 4818 2460 4872 id
2494 4818 2648 4888 quod
2683 4818 2950 4888 negative
2981 4819 3314 4890 opponitur,
3344 4825 3521 4891 atque
3551 4822 3906 4893 negationis

2227 4906 2464 4976 quidem
2496 4904 2823 4976 exemplum
2855 4912 2964 4974 est,
2999 4907 3047 4961 si
3079 4907 3220 4978 quid
3279 4925 3408 4964 esse
3460 4914 3517 4964 et
3575 4926 3697 4964 non
3767 4928 3913 4966 esse

2224 4995 2491 5050 dicatur:
2529 4994 2844 5051 relatorum
2877 5000 3068 5051 autem
3102 4996 3367 5068 duplum,
3403 5003 3459 5052 et
3516 4999 3861 5054 dimidium
3899 5018 3912 5062 ;

2224 5099 2426 5139 eorum
2460 5099 2592 5140 vero
2624 5101 2751 5155 quae
2783 5085 3059 5155 privative
3114 5092 3514 5158 opponuntur,
3555 5089 3826 5144 auditus
3860 5093 3918 5143 et

2225 5172 2524 5232 surditas:
2561 5174 2984 5229 contrariorum
3021 5173 3273 5245 denique
3299 5176 3495 5230 album
3518 5185 3572 5232 et
3605 5177 3912 5248 nigrum;

2215 5263 2344 5334 jam
2376 5263 2693 5318 videndum
2728 5265 2963 5321 cuinam
2997 5267 3398 5337 oppositorum
3432 5268 3632 5336 generi
3696 5269 3916 5338 subji-

2222 5353 2452 5408 cientur
2479 5353 2804 5425 ingenitum
2839 5360 2892 5410 et
2923 5355 3208 5426 genitum.
3260 5355 3464 5410 Utrum
3522 5359 3921 5424 contrariis?

2223 5450 2278 5499 at
2307 5442 2410 5497 illa
2441 5460 2474 5497 a
2505 5460 2566 5498 se
2599 5451 2823 5513 mutuo,
2884 5444 2993 5512 vel,
3054 5449 3116 5501 ut
3171 5444 3363 5500 verius
3403 5445 3626 5513 dicam,
3665 5454 3828 5516 post
3866 5461 3924 5502 se

2222 5536 2568 5599 nascuntur,
2603 5532 2904 5604 siquidem
2934 5533 3005 5590 ab
3061 5533 3192 5590 albo
3250 5536 3509 5606 nigrum,
3563 5534 3662 5591 vel
3701 5537 3925 5609 potius
