4090 6192
190 309 334 374 1417

1524 303 1929 371 THESAURI
1969 308 2121 373 LIB.
2168 308 2243 375 Υ.

3429 316 3588 402 1413

181 450 303 519 post
331 442 549 500 album.
585 442 717 498 Haac
747 457 932 513 porro
993 458 1115 498 non
1146 458 1182 497 a
1211 457 1273 497 se
1322 443 1669 509 nascuntur,
1719 454 1828 496 nec
1858 440 1913 509 Α
1942 441 2019 498 sit
2047 443 2321 517 genitive,
2364 446 2446 504 ita
2475 452 2535 506 et
2584 447 2835 520 Spiritus
2863 464 2897 506 a
2926 447 3072 505 Filio
3123 449 3446 522 processit:
3500 449 3587 519 ita

183 536 332 592 enim
356 550 425 590 ex
447 532 902 607 ingeneratione
925 530 1252 604 generatio.
1274 546 1385 587 nec
1401 547 1472 588 ex
1495 531 1827 604 generatio-

183 646 252 683 ne
284 625 672 699 ingeneratio.
710 627 783 679 At
813 640 948 679 vero
981 623 1184 679 relatis
1242 623 1613 680 accensenda
1642 622 1828 679 sunt?

182 717 364 772 Atilla
390 716 732 771 referuntur
753 712 825 769 ad
845 713 983 779 alia,
1017 718 1084 769 ut
1114 712 1358 785 duplum
1381 713 1454 769 ad
1486 712 1825 778 dimidium,

181 813 233 861 et
252 824 279 861 e
311 806 566 861 diverso.
591 807 707 877 Age
732 821 868 859 vero
890 803 1268 876 negationine
1299 802 1675 859 ascribentur
1698 802 1724 857 ?
1752 805 1825 856 At

181 897 300 952 haec
331 913 567 968 quoque
591 895 836 950 nomina
860 900 1017 961 sunt,
1043 894 1260 966 quibus
1286 910 1480 965 neque
1505 892 1823 948 affirmatio

181 1004 365 1058 neque
399 985 632 1058 negatio
666 984 1128 1041 demonstratur.
1181 985 1387 1054 Itaque
1438 985 1712 1053 superest
1759 986 1824 1035 ut

180 1076 380 1132 habitu
412 1080 471 1130 et
500 1074 829 1148 privatione
862 1074 1017 1128 inter
1076 1089 1137 1128 se
1183 1078 1580 1145 apponantur,
1634 1072 1716 1127 ita
1758 1075 1825 1126 ut

178 1166 434 1238 genitum
460 1164 702 1236 quidem
736 1163 813 1217 sit
842 1163 1079 1218 habitus
1102 1162 1606 1233 quemadmodum
1627 1162 1781 1217 visus
1805 1177 1818 1216 :

171 1254 498 1329 ingenitum
525 1258 723 1308 autem
741 1252 1141 1323 privatio,non
1166 1268 1337 1307 secus
1352 1257 1532 1322 atque
1554 1250 1814 1307 caecitas.

246 1345 301 1399 Si
333 1360 468 1416 ergo
500 1343 627 1397 haec
658 1341 927 1413 opposita
958 1346 1117 1408 sunt,
1162 1344 1228 1395 ut
1276 1340 1703 1406 demonstravi,
1755 1347 1819 1396 tu

177 1438 369 1489 autem
403 1450 490 1497 ea,
525 1448 558 1487 o
589 1434 889 1495 Anomaee,
926 1429 1287 1485 substantias
1338 1446 1468 1485 esse
1526 1431 1695 1499 dicis,
1747 1448 1816 1486 ex

174 1532 271 1582 tua
302 1528 700 1594 consequetur
729 1521 1017 1586 oratione,
1051 1525 1117 1573 ut
1146 1518 1494 1574 substantiae
1518 1520 1651 1575 aliae
1682 1520 1817 1575 aliis

170 1618 564 1688 opponantur,
601 1609 758 1683 quod
790 1626 908 1664 non
940 1608 1304 1665 conceditur.
1333 1607 1501 1673 Quod
1550 1608 1598 1662 si
1651 1609 1815 1679 geni-

168 1715 291 1763 tum
336 1704 580 1777 quidem
633 1700 885 1765 liabitui,
934 1698 1264 1772 ingenitum
1314 1715 1449 1754 vero
1500 1697 1814 1771 privationi

1937 539 2002 589 ut
2031 534 2191 590 aliud
2232 536 2515 607 primum,
2547 536 2705 593 aliud
2737 536 3083 601 secundum,
3118 537 3279 594 aliud
3337 538 3581 595 tertium

1937 628 2284 681 statuamus.
2318 626 2487 682 Absit
2524 643 2559 682 a
2602 627 2772 682 nobis
2821 626 3166 699 hujusmodi
3215 627 3588 699 blasphemia

1936 718 2188 774 ethnicm
2220 720 2466 777 deorum
2517 720 2914 777 multitudinis
2964 720 3230 775 Ethnicis
3288 722 3446 776 enim
3498 721 3581 775 dii

1936 814 2075 863 sunt
2104 809 2320 866 Caelum
2357 817 2417 867 et
2443 814 2749 874 Saturnus,
2784 827 2818 866 a
2849 810 3061 883 quibus
3090 816 3310 882 patres,
3362 810 3492 879 tllii,
3527 816 3586 867 et

1934 903 2199 967 nepotes.
2239 900 2426 953 Unum
2462 900 2620 954 enim
2652 897 2808 970 apud
2838 914 2945 953 nos
2963 899 3272 953 ambarum
3292 915 3582 969 persona-

1932 1002 2064 1041 rum
2096 988 2398 1044 vinculum
2431 995 2540 1055 est,
2575 989 2781 1044 Pater:
2824 988 2898 1044 ad
2929 1005 3105 1059 quem
3127 988 3493 1044 reducuntur
3510 1005 3580 1044 ea

1933 1093 2066 1146 qum
2097 1078 2170 1132 ab
2201 1078 2302 1133 illo
2361 1078 2711 1150 procedunt.
2762 1079 2831 1132 Et
2887 1094 2996 1133 nos
3040 1079 3123 1133 ita
3170 1077 3468 1134 credimus
3518 1082 3577 1135 et

1933 1166 2246 1233 sentimus,

2588 1258 2744 1315 CAP.
2789 1258 2920 1312 LIV.

1927 1365 2253 1421 Sanctorum
2319 1368 2547 1421 Patrum
2603 1368 2922 1422 assertiones
2978 1367 3236 1422 adversus
3312 1366 3573 1420 Eunomii

1999 1437 2248 1505 haeresim
2306 1454 2417 1509 qua
2476 1440 2641 1493 Deum
2698 1439 2919 1494 Patrem
2970 1455 3081 1493 non
3156 1453 3366 1508 semper
3406 1439 3574 1506 fuisse

2001 1508 2358 1578 blasphemat.

1996 1616 2351 1670 Eunomiani
2381 1634 2556 1688 porro
2590 1617 2819 1672 caeteris
2847 1617 3238 1689 blasphemiis
3270 1617 3394 1671 suis
3419 1617 3572 1673 hanc

1927 1720 2162 1776 quoque
2191 1704 2507 1770 addebant,
2551 1710 2734 1760 Deum
2796 1709 2854 1760 et
2896 1708 3129 1760 Patrem
3180 1720 3299 1759 non
3339 1722 3576 1776 semper

164 1795 358 1852 simile
393 1794 489 1859 Sit.
529 1796 595 1847 ιιι
635 1796 836 1845 autem
888 1790 1153 1862 ϐειιίῑυῐῐι
1205 1788 1445 1859 (Ιηίάθηὶ
1495 1788 1813 1843 essentiam
1841 1808 1887 1871 Β
1927 1793 2132 1859 fuisse,
2165 1794 2269 1849 sed
2302 1795 2575 1851 essentiae
2596 1795 2958 1867 principium
2990 1793 3310 1850 habuisse:
3346 1799 3573 1865 tempo-

162 1886 317 1951 Filii,
353 1882 686 1955 ingenitum
718 1898 851 1936 vero
901 1879 1091 1935 Patris
1143 1879 1465 1934 essentiam
1516 1878 1813 1947 nominas,

164 1980 323 2032 certe.
353 1972 540 2029 Filius
562 1974 734 2028 Patre
764 1970 925 2043 prior
955 1969 1087 2037 erit,
1122 1968 1443 2024 uthabitus
1466 1968 1813 2040 privatione.

163 2065 468 2135 Filiusque
518 2062 590 2117 de
652 2058 846 2115 medio
904 2058 1168 2125 tolletur,
1218 2063 1504 2130 tanquam
1553 2057 1815 2125 habitus,

164 2173 198 2211 a
227 2157 425 2220 Patre,
459 2157 741 2223 tanquam
771 2148 1119 2222 privatione.
1154 2146 1644 2219 Quandoquidem
1695 2147 1815 2220 pri-

162 2243 502 2300 vationibus
533 2240 846 2297 babituum
905 2239 977 2295 de
1034 2238 1230 2295 medio
1280 2236 1680 2294 tollendorum
1732 2238 1815 2293 vis

166 2333 344 2397 inest,
405 2337 471 2387 ut
528 2330 762 2387 caecitas
835 2328 1047 2397 visum,
1110 2328 1485 2400 surditasque
1545 2327 1814 2384 auditum

159 2421 426 2495 perimit.

819 2526 977 2581 CAP.
1020 2523 1157 2580 LIII.

148 2639 333 2695 Plura
394 2635 635 2705 ejusdem
693 2634 996 2700 Choniataz,
1054 2632 1312 2688 adversus
1371 2631 1469 2688 hoc
1516 2632 1811 2690 Anemo-

224 2725 353 2764 rum
380 2708 665 2778 problema
690 2723 703 2760 :
734 2707 864 2761 Fuit
895 2711 1105 2775 tempus
1136 2720 1243 2775 quo
1271 2720 1383 2759 non
1409 2705 1523 2774 fuit
1555 2705 1737 2759 Pater.

219 2849 405 2905 Arius
437 2848 701 2920 quidem.
732 2849 958 2911 Aetius,
992 2852 1051 2902 et
1090 2847 1417 2902 Eunomius
1464 2847 1811 2904 Trinitatem

140 2941 386 2996 honore
419 2937 869 3009 substantiaque
912 2954 1251 3009 comparem
1282 2942 1402 2991 tres
1432 2937 1493 2993 in
1524 2954 1809 3009 personas

137 3032 420 3088 diversas
481 3029 842 3096 dividebant,
904 3028 1354 3101 ingenitumqne
1433 3034 1490 3083 et
1544 3024 1807 3103 ἄναρχον,

135 3121 455 3195 principio
486 3124 815 3184 carentem,
847 3118 1038 3174 solum
1074 3123 1301 3173 Patrem
1333 3118 1639 3186 vocabant,
1676 3124 1812 3191 post

137 3229 283 3270 eum
317 3228 464 3267 vero
493 3208 903 3283 πρωτόκτιστον
937 3206 1173 3280 ποίημα,
1207 3209 1316 3264 hoc
1347 3214 1438 3265 est
1475 3214 1810 3265 creaturam

136 3302 346 3374 primo
392 3304 681 3363 creatam,
714 3298 929 3354 Filium
964 3314 977 3352 :
1013 3299 1233 3371 quippe
1265 3298 1365 3370 qui
1408 3298 1535 3355 loco
1583 3298 1812 3355 instru-

132 3391 336 3448 menti
373 3388 452 3445 ad
485 3404 685 3445 rerum
707 3389 973 3444 omnium
1005 3387 1458 3460 productionem
1480 3389 1639 3443 Patri
1659 3387 1804 3443 tutu.

130 3498 243 3539 rus
310 3484 496 3534 esset.
558 3480 696 3533 Post
750 3477 965 3533 Filium
996 3494 1154 3546 vero,
1203 3477 1487 3549 Spiritum
1537 3483 1809 3532 sanctum

130 3569 515 3627 statuebant.
553 3567 719 3633 Quod
749 3574 948 3623 autem
998 3567 1317 3624 adoramus
1369 3566 1645 3641 μοναρχία
1698 3572 1806 3633 est,

131 3677 244 3716 seu
279 3656 574 3713 divinitas
605 3674 744 3720 una,
778 3674 897 3712 non
927 3673 1107 3711 unam
1130 3657 1189 3711 in
1214 3656 1554 3729 hypostasin
1584 3662 1806 3721 coacta,

129 3751 237 3809 sed
294 3747 502 3804 tribus
554 3746 831 3802 distincta
883 3747 1173 3817 personis,
1227 3751 1284 3800 et
1338 3746 1515 3800 unius
1566 3745 1809 3817 quidem

128 3838 556 3914 appellatione
573 3835 1400 3904 divinitas,essentia,natura,
1424 3833 1808 3908 principium,

129 3937 187 3987 et
218 3930 476 3986 forma:
518 3926 694 3980 trium
752 3941 908 3992 vero,
953 3940 1245 3998 personae,
1306 3924 1702 3992 characteres,
1753 3930 1813 3980 et

126 4019 457 4078 individua
482 4014 1334 4087 intelliguntur.Proprietates
1353 4013 1515 4068 enim
1538 4013 1811 4085 byposta-

125 4113 297 4168 sibus
328 4108 581 4166 affectae
613 4108 771 4166 sunt,
804 4107 863 4157 at
910 4117 1030 4156 non
1082 4106 1223 4155 sunt
1270 4101 1640 4171 hypostases.
1692 4102 1809 4157 Hoc

122 4218 267 4259 vero
298 4195 632 4256 Trinitatis
663 4192 1047 4265 principium,
1083 4191 1129 4245 si
1164 4194 1458 4262 quatenus
1480 4205 1666 4244 unum
1699 4196 1807 4257 est,

127 4291 594 4352 consideretur,
626 4281 922 4355 principio
950 4285 1131 4349 caret,
1165 4284 1574 4350 aeternumque
1611 4285 1720 4350 est,
1755 4286 1811 4335 et

122 4382 386 4439 omnino
433 4377 822 4451 perpetuum.
861 4372 918 4428 Si
959 4387 1093 4426 vero
1126 4373 1418 4441 quatenus
1445 4369 1508 4425 in
1526 4386 1812 4442 personas

124 4472 455 4536 dividitur,
494 4481 625 4521 una
655 4463 786 4534 ejus
818 4477 1073 4533 persona
1104 4459 1399 4532 principio
1430 4464 1594 4515 caret
1632 4476 1646 4514 :
1680 4460 1812 4516 alias

1926 1883 2112 1939 ralem
2145 1883 2282 1938 inde
2312 1883 2440 1938 Filii
2482 1884 2929 1955 generationem
2978 1883 3446 1950 introducentes,
3479 1888 3571 1939 ta—

1924 1971 2157 2042 lemque
2188 1972 2357 2039 adeo,
2414 1972 2650 2043 qualem
2706 1973 2769 2028 in
2818 1973 3106 2028 creaturis
3149 1971 3571 2027 animadverti-

1924 2078 2076 2118 mus.

1994 2154 2090 2208 Eis
2121 2171 2297 2226 porro
2328 2153 2487 2210 hunc
2516 2153 2579 2211 in
2611 2152 2853 2211 modum
2886 2156 3091 2209 Patres
3129 2151 3240 2208 hac
3270 2152 3332 2208 in
3363 2167 3425 2208 re
3457 2150 3564 2207 ad-

1923 2247 2250 2300 versantur.

1920 2373 1976 2428 S.
2010 2369 2210 2427 Basilii
2232 2370 2487 2428 adversus
2518 2370 2668 2511 hoc
2712 2371 2878 2455 peum
2927 2370 3145 2425 Patrem
3196 2384 3304 2423 non
3352 2384 3558 2441 semper

2666 2458 2825 2498 uisse.

2666 2458 2825 2498 uisse.

1994 2551 2041 2606 1.
2078 2550 2133 2607 Si
2167 2549 2269 2606 Dei
2301 2548 2656 2606 beatitudini
2702 2548 3017 2621 pulchrum
3049 2548 3162 2605 hoc
3194 2552 3252 2603 et
3284 2546 3565 2606 decorum

1921 2642 2030 2705 est,
2062 2644 2129 2696 ut
2159 2639 2234 2694 sit
2262 2640 2457 2707 Pater,
2490 2638 2634 2709 quid
2666 2636 2895 2693 obstitit
2924 2637 3235 2709 qusminus
3266 2637 3338 2692 ab
3397 2637 3568 2693 initio

1921 2728 2200 2784 decorum
2234 2728 2285 2783 ei
2319 2728 2624 2784 adfuerit?
2651 2729 2798 2783 Nam
2828 2726 2919 2781 vel
2950 2726 3024 2782 ad
3054 2727 3203 2798 ejus,
3226 2725 3384 2797 quod
3414 2743 3570 2798 prse-

1921 2818 2172 2874 stantius
2204 2824 2313 2888 est,
2344 2818 2764 2891 ignorantiam,
2797 2816 2885 2872 vel
2909 2815 2981 2871 ad
3017 2814 3429 2886 impotentiam
3461 2814 3569 2870 de-

1918 2908 2137 2965 fectum
2172 2907 2474 2963 referunt:
2520 2906 2914 2980 ignorantiam
2955 2905 3216 2977 quidem,
3267 2905 3314 2959 si
3364 2909 3570 2977 postea

1919 2998 2077 3069 quod
2109 2996 2324 3053 melius
2353 3001 2443 3052 est
2494 2996 2888 3064 adinvenerit,
2944 2994 3357 3066 impotentiam
3406 3009 3564 3058 vero.

1918 3086 1965 3140 si
1999 3102 2134 3140 cum
2161 3084 2361 3152 sciret,
2392 3085 2549 3140 ultro
2583 3090 2781 3141 tamen
2812 3092 2885 3139 ab
2918 3101 2985 3140 co
3019 3083 3177 3155 quod
3235 3082 3565 3156 pulcherri-

1838 3178 1883 3243 C
1922 3191 2081 3230 mum
2115 3179 2207 3229 est
2235 3174 2538 3230 exciderit.
2571 3173 2733 3240 Qued
2766 3173 2814 3229 si
2846 3173 2899 3228 ei
2948 3172 3263 3245 pulchrum
3316 3188 3437 3227 non
3491 3172 3570 3226 sit

1918 3280 2048 3320 esse
2081 3264 2338 3325 Patrem,
2374 3280 2633 3334 quanam
2662 3263 2733 3319 de
2765 3280 2942 3320 causa
2971 3267 3108 3336 post
3152 3261 3564 3329 mutationem,

1922 3353 2100 3426 elegit
2130 3353 2288 3425 quod
2319 3352 2581 3409 deterius
2616 3358 2705 3408 est
2725 3353 2753 3409 ‘i

2318 3461 2600 3534 Theologi,
2632 3478 2700 3516 ex
2732 3460 2827 3515 lib.
2859 3477 2875 3514 ι
2906 3461 2979 3515 De
3007 3458 3176 3516 Filio.

1987 3573 2037 3623 2.
2061 3569 2327 3635 Quonam
2350 3573 2614 3639 tempore
2639 3568 2812 3623 Pater
2832 3584 2952 3622 non
2984 3566 3154 3623 erat?
3172 3568 3250 3622 Eo
3274 3565 3561 3622 nimirum

1917 3675 2032 3729 quo
2064 3657 2249 3712 Filius
2279 3674 2397 3712 non
2430 3661 2577 3713 erat.
2609 3655 2770 3711 Idem
2805 3661 2963 3711 certe
2995 3655 3066 3709 de
3096 3655 3244 3709 Filio
3266 3660 3324 3708 et
3344 3653 3563 3724 Spiritu

1917 3752 2122 3803 sancto
2153 3747 2393 3803 dixeris.
2428 3746 2647 3803 Iterum
2678 3747 3038 3815 interrogato
3062 3741 3562 3811 me,vicissimque

1916 3838 2023 3893 tibi
2054 3837 2451 3909 respondebo.
2493 3838 2760 3901 Quonam
2792 3839 3058 3904 tempore
3096 3831 3279 3886 Filius
3326 3832 3560 3903 genitus

1918 3934 2007 3984 est
2027 3929 2054 3984 δῖ
2081 3931 2161 3983 Eo
2193 3928 2473 3982 nimirum
2509 3941 2624 3995 quo
2655 3926 2831 3978 Pater
2860 3921 3093 3995 genitus
3123 3937 3242 3976 non
3292 3925 3399 3977 est.
3432 3922 3554 3987 Quo

1917 4018 2176 4087 denique
2208 4021 2472 4086 tempore
2505 4012 2756 4085 Spiritus
2787 4011 3124 4084 processit?
3162 4012 3241 4067 Eo
3271 4010 3557 4066 nimirum

1918 4123 2037 4178 quo
2071 4104 2252 4160 Filius
2294 4121 2415 4160 non
2474 4102 2810 4175 processit:
2858 4102 2961 4157 sed
3010 4100 3242 4174 genitus
3293 4105 3384 4157 est
3434 4101 3563 4157 sine

1918 4200 2205 4265 tempore,
2266 4198 2324 4249 et
2385 4208 2565 4266 supra
2603 4197 2856 4264 tempus.
2912 4192 3034 4248 Etsi
3088 4189 3408 4260 nequimus
3456 4189 3570 4246 hoc

1918 4283 2295 4355 verbi.Supra
2318 4288 2571 4356 tempus,
2596 4281 3228 4355 exprimere,volumus
3245 4281 3405 4337 enim
3425 4286 3571 4338 tem-

1916 4373 2186 4447 poralem
2218 4372 2713 4445 signiﬁcationem
2747 4372 3005 4443 effugere
3055 4372 3220 4441 (nam
3251 4370 3566 4437 dictiones,

1920 4463 2188 4531 Quando,
2222 4466 2430 4527 Antea,
2465 4461 2740 4523 Posthac,
2781 4465 2840 4516 et
2877 4460 2963 4516 Ab
3020 4459 3212 4527 initio,
3263 4476 3383 4516 non
3436 4464 3575 4515 sunt

117 4580 267 4619 vero
304 4566 371 4618 et
404 4558 552 4615 sine
588 4552 902 4625 principio,
935 4556 993 4605 et
1024 4566 1144 4605 non
1176 4549 1302 4605 sine
1336 4548 1625 4622 principio
1650 4555 1807 4606 sunt.
1841 4542 1888 4607 D
1920 4554 2050 4610 sine
2070 4559 2353 4625 tempore,
2379 4551 2817 4624 quantumlibet
2843 4550 2959 4605 vim
2983 4550 3176 4607 verbis
3198 4549 3567 4620 afferamus),

114 4654 271 4709 Nam
310 4650 362 4705 si
401 4661 514 4702 eas
552 4641 631 4697 ad
664 4640 919 4712 primam
952 4654 1191 4694 causam
1225 4640 1492 4703 reducas,
1520 4655 1640 4695 non
1675 4645 1816 4695 sunt

115 4744 252 4799 sine
303 4732 656 4814 principio.
708 4731 789 4785 Ex
820 4728 926 4784 illa
972 4728 1133 4784 enim
1183 4729 1534 4801 procedunt,
1587 4736 1646 4785 at
1695 4746 1815 4786 non

113 4836 259 4905 post,
294 4829 504 4886 illam.
564 4819 671 4876 Sin
719 4835 821 4874 eas
868 4834 1004 4874 cum
1052 4817 1420 4891 temporibus
1477 4824 1535 4875 et
1582 4819 1815 4875 saeculis

112 4920 355 4979 nostris
389 4912 708 4976 conferas,
732 4914 909 4980 atque
940 4907 1087 4963 adeo
1113 4923 1247 4964 cum
1270 4906 1431 4963 omni
1457 4909 1815 4981 preprietate

114 5002 577 5069 intellectuali,
606 4998 736 5055 sine
757 4996 1048 5070 principio
1079 5002 1139 5052 et
1157 4996 1423 5068 ingenita
1445 5003 1585 5053 sunt
1613 4998 1814 5071 Itaque

116 5103 315 5159 trium
351 5099 596 5155 harum
647 5089 1047 5161 hypostaseon
1095 5104 1217 5143 una
1267 5088 1511 5144 omnino
1559 5084 1813 5162 ἄναρχος,

112 5193 235 5248 hoc
272 5192 374 5246 est
402 5185 550 5242 sine
587 5177 883 5251 principio
912 5177 1149 5243 dicitur,
1183 5177 1467 5232 nimirum
1505 5179 1699 5242 Pater,
1732 5195 1819 5234 re-

108 5281 444 5353 liquarum
512 5271 779 5327 duarum
823 5265 1011 5322 altera
1058 5265 1259 5329 Filius.
1303 5265 1486 5322 altera
1540 5267 1814 5338 Spiritus,

107 5373 319 5431 ambas
378 5384 417 5424 a
472 5365 664 5421 Patre
723 5357 1134 5423 subsistentes,
1196 5372 1316 5412 non
1360 5361 1558 5412 tamen
1607 5357 1815 5415 eodem

104 5462 327 5523 modo.
365 5455 571 5516 Filius
614 5448 776 5504 enim
808 5446 1040 5519 genitus
1065 5446 1435 5517 est,Spiritus
1457 5450 1656 5503 autem
1679 5464 1818 5520 pro-

104 5554 323 5619 cessit,
358 5546 463 5604 vel
499 5538 716 5617 potius
746 5537 843 5593 ille
878 5535 1156 5610 gignitur,
1186 5536 1283 5592 hic
1313 5536 1600 5609 procedit.

178 5648 322 5703 Non
354 5639 533 5699 enim
561 5627 1076 5707 quemadmodum
1098 5643 1133 5683 a
1170 5628 1341 5684 Patre
1365 5628 1544 5684 Filius
1572 5645 1814 5701 proces-

466 5761 759 5820 PATROL.
807 5753 917 5814 Gn.
961 5748 1246 5812 CXXXIX
1262 5792 1277 5807 .

1924 4644 2040 4699 nisi
2070 4642 2339 4699 dicamus
2371 4642 2442 4707 (si
2475 4641 2685 4698 saltem
2717 4640 3091 4697 intervallum
3117 4640 3289 4709 illud,
3320 4639 3479 4711 quod
3510 4639 3571 4694 in

1923 4734 2102 4791 rebus
2140 4731 2516 4806 protenditur
2545 4730 2807 4793 aeternis,
2843 4730 3124 4787 sarculum
3157 4729 3478 4800 vocemus),
3509 4727 3571 4782 id

1926 4824 2084 4897 quod
2112 4839 2308 4894 neque
2339 4821 2463 4878 ullo
2504 4826 2690 4883 motu,
2718 4836 2913 4891 neque
2945 4820 3087 4875 solis
3138 4835 3315 4875 cursu
3363 4816 3573 4874 dividi-

1925 4932 2057 4973 mus
2086 4919 2189 4970 aut
2219 4914 2520 4982 metimur,
2553 4911 2712 4984 quod
2744 4917 2901 4967 certe
2930 4916 3164 4982 tempus
3196 4916 3304 4966 est.

1997 5004 2102 5070 Qui
2156 5019 2294 5076 ergo
2354 5003 2480 5058 fieri
2538 5002 2743 5075 possit,
2804 5005 2871 5056 ut
2926 4999 3135 5073 [Filius
3185 5004 3245 5054 et
3299 4995 3576 5070 Spiritus}

1926 5091 2235 5170 συνάὶναρχα
2276 5108 2398 5149 non
2447 5092 2588 5157 sint,
2647 5092 2758 5146 hoc
2818 5094 2908 5147 est
2953 5089 3246 5163 principio
3291 5086 3575 5155 carentia,

1929 5186 1976 5243 si
2018 5191 2315 5242 coaeterna
2363 5183 2558 5239 sunt?
2615 5183 2903 5248 Quoniam
2954 5181 3026 5237 ab
3068 5180 3173 5236 illo
3222 5178 3578 5253 procedunt,

1928 5274 2194 5349 quamvis
2225 5277 2360 5346 post
2388 5273 2559 5328 illum
2591 5289 2713 5328 non
2742 5271 3003 5327 fuerunt.
3036 5268 3202 5336 Quod
3234 5268 3397 5324 onim
3421 5267 3579 5340 prin-

1928 5365 2081 5436 cipio
2114 5368 2295 5430 caret,
2329 5368 2618 5417 aeternum
2650 5361 2829 5417 etiam
2853 5365 2942 5417 est
2967 5377 2979 5415 :
3004 5358 3161 5431 quod
3184 5362 3383 5415 autem
3412 5362 3580 5413 aster-

1927 5472 2071 5511 num
2103 5458 2213 5519 est,
2244 5470 2365 5508 non
2396 5452 2640 5508 omnino
2672 5451 2966 5523 principio
2991 5453 3173 5516 caret,
3196 5448 3244 5505 si
3266 5448 3480 5504 saltem
3501 5445 3577 5501 ad

1925 5543 2309 5618 principium,
2365 5543 2476 5598 hoc
2534 5546 2621 5598 est
2676 5543 2934 5608 Patrem,
2993 5540 3308 5596 referatur.
3368 5540 3575 5606 Itaque

1925 5633 2218 5708 principio
2239 5648 2362 5689 non
2379 5635 2583 5687 carent
2611 5631 2844 5687 ratione
2875 5646 3088 5686 causae.
3122 5631 3365 5685 Constat
3393 5642 3575 5699 porro

3181 5749 3258 5809 45
