4058 6212
463 295 622 355 1819

1767 287 2074 351 NlCE'l‘E
2113 285 2538 349 CHONIATB

3731 291 3885 353 ΝΞΟ

463 447 702 489 causam
737 431 812 486 iis
835 427 1078 486 omnino
1101 429 1500 501 antiquiorem
1528 446 1649 486 uon
1683 443 1830 485 esse.
1857 439 2112 498 quorum
2147 427 2192 494 Α
2227 423 2356 495 ejus
2382 421 2646 494 perfecta
2677 425 2787 476 est.
2819 421 3024 493 Itaque
3053 419 3170 478 hoc
3197 419 3288 477 illi
3317 436 3440 479 non
3494 424 3780 494 accessit,
3827 432 3886 482 ut

462 539 643 580 causa
673 528 800 576 est:
829 536 936 575 nec
965 520 1122 574 enim
1152 519 1237 575 sol
1279 520 1415 575 luce
1465 519 1768 591 antiquior
1807 523 1914 573 est.
1969 518 2115 570 Item

462 611 755 686 principio
789 607 1228 680 quodaminodo
1262 614 1487 675 carent,
1547 609 1776 663 ratione
1808 603 2112 676 temporis,

464 701 794 774 quamlibet
812 705 871 752 tu
898 699 1056 754 larva
1081 704 1178 753 tua
1201 705 1261 754 et
1285 697 1767 754 terriculamento
1801 694 2118 768 simplicio-

464 791 629 846 ribus
659 791 934 860 imponas
980 793 1095 842 {Nec
1129 788 1289 842 enim
1325 787 1575 858 tempori
1606 785 2004 858 subjiciuntur
2026 798 2114 850 ea,

465 894 538 936 ex
577 877 793 948 quibus
814 877 1012 948 ipsum
1047 882 1282 947 tempus
1313 876 1521 930 oritur.

737 1003 992 1074 Ejusdem
1023 1003 1218 1057 Basilii
1247 1017 1316 1056 em
1356 1002 1542 1057 eadem
1573 998 1850 1057 oratione.

533 1115 584 1167 3.
622 1109 927 1166 Habentur
957 1109 1275 1181 [Anommi]
1310 1112 1604 1180 praeterea
1659 1108 1949 1162 rationem
2001 1103 2118 1160 ali-

467 1217 646 1274 quam
682 1216 752 1255 ex
782 1200 856 1254 iis
889 1216 1035 1271 quas
1067 1205 1273 1270 putant
1304 1196 1834 1270 inexpugnabiles?
1855 1195 2122 1250 Adillam

466 1293 640 1360 forte,
683 1295 964 1359 tanquam
997 1286 1072 1342 ad
1115 1293 1444 1342 extremum
1494 1285 1859 1357 prmsidium,
1914 1283 2125 1339 confu-

463 1380 646 1454 gient,
682 1384 748 1433 ut
777 1377 1012 1433 dicant:
1053 1377 1109 1432 Si
1139 1392 1262 1431 non
1293 1375 1470 1431 desiit
1500 1390 1784 1448 generare
1808 1375 1984 1439 Deus,
2010 1374 2122 1428 im-

467 1468 735 1542 perfecta
768 1473 859 1522 est
887 1465 1215 1538 generatio,
1249 1469 1308 1520 et
1338 1464 1658 1534 aliquando
1682 1463 1915 1518 desinet
1944 1479 2126 1534 gene—

467 1557 772 1614 rare:sin
829 1555 1026 1620 desiit,
1078 1554 1342 1626 profecto
1396 1552 1574 1608 etiam
1624 1553 1814 1624 cepit.
1869 1554 2122 1608 Rursum

470 1646 746 1702 homines
775 1644 1009 1716 corpori
1041 1643 1244 1712 dediti,
1279 1661 1410 1714 qua:
1441 1659 1723 1714 corporea
1761 1647 1920 1708 sunt,
1961 1657 2032 1698 ea
2062 1642 2123 1697 in

471 1735 735 1791 medium
769 1734 1100 1806 proferunt.
1132 1735 1206 1788 At
1251 1747 1355 1805 ego
1395 1739 1596 1788 utrum
1641 1732 1754 1787 hoc
1800 1731 1942 1786 Filio
1994 1747 2126 1804 pro-

2225 515 2512 586 gigneret,
2545 528 2741 583 neque
2769 511 3010 584 gignere
3041 511 3235 583 (cepit.

2784 620 3039 692 Ejusdem
3079 620 3303 691 Cyrilli.

2298 734 2350 787 7.
2383 726 2548 794 Quod
2581 725 2850 800 pariendi
2885 729 2999 782 vim
3031 734 3246 784 natura
3295 727 3539 784 insitam
3583 730 3776 786 habet
3825 750 3888 790 ea

2227 836 2296 874 eo
2328 817 2454 890 ipso
2487 818 2646 889 quod
2679 833 2798 871 non
2831 817 3007 888 parit,
3039 833 3162 872 non
3194 833 3264 872 eo
3294 819 3570 890 procedit
3621 822 3884 890 omnino,

2227 915 2294 965 ut
2333 909 2564 981 pariat:
2619 923 2814 978 neque
2871 906 3013 977 quia
3065 922 3274 978 parere
3314 910 3504 974 novit,
3535 911 3710 966 novit
3759 919 3812 967 et
3853 929 3884 968 ει

2229 997 2514 1072 pariendo
2546 1013 2802 1054 cessare.
2836 996 2994 1067 Ignis
3027 996 3187 1052 enim
3211 999 3467 1072 aseipso
3498 1001 3879 1066 caliditatem.

2230 1105 2362 1160 qua:
2393 1087 2501 1143 sibi
2535 1094 2746 1143 natura
2777 1087 2954 1156 inest,
2990 1091 3048 1142 et
3079 1087 3460 1159 splendorem
3484 1099 3880 1156 generatae-

2231 1196 2345 1253 que
2375 1196 2510 1234 vero
2541 1195 2608 1234 eo
2643 1179 2952 1251 processit.
2987 1194 3060 1232 ex
3092 1194 3162 1233 eo
3194 1179 3354 1250 quod
3385 1180 3618 1237 calidus
3645 1199 3760 1238 non
3780 1184 3872 1253 sit,

2231 1286 2424 1341 neque
2457 1269 2714 1325 cessabit
2737 1285 3024 1340 generare
3053 1267 3114 1324 id
3145 1269 3306 1340 quod
3336 1269 3450 1324 sibi
3475 1277 3693 1328 natura
3711 1273 3866 1328 inest.

2231 1354 2345 1409 Sed
2394 1355 2572 1410 simul
2603 1360 2779 1426 atque
2811 1353 2924 1408 fuit
2952 1353 3126 1426 ignis,
3159 1355 3214 1410 ei
3248 1372 3485 1428 quoque
3516 1357 3728 1414 insitas
3754 1376 3872 1430 pro-

2230 1443 2513 1514 prietates
2544 1441 2658 1496 illm
2692 1441 2950 1497 fuerunt.
2981 1441 3038 1497 Si
3069 1459 3208 1516 ergo
3242 1443 3326 1498 vel
3374 1445 3435 1498 in
3483 1447 3678 1501 rebus
3709 1464 3750 1502 a
3779 1447 3880 1501 Deo

2232 1533 2446 1590 creatis
2479 1529 2820 1602 liujusmodi
2862 1531 3188 1602 generandi
3240 1534 3389 1588 ratio
3439 1534 3745 1590 videntur.
3792 1536 3882 1608 qui

2233 1625 2355 1690 llat,
2381 1627 2446 1676 ut
2472 1621 2721 1692 impium
2756 1637 2877 1676 non
2909 1621 3006 1688 sit,
3039 1621 3086 1675 si
3120 1620 3346 1694 majora
3387 1624 3440 1679 ei
3502 1641 3629 1680 non
3678 1642 3880 1681 conce-

2233 1710 2471 1776 dantur,
2503 1711 2772 1782 quamvis
2801 1726 2964 1766 uiens
2996 1710 3254 1767 humana
3295 1719 3528 1768 natura:
3584 1714 3721 1785 ejus
3769 1731 3879 1770 ma-

473 1823 674 1896 prium
749 1797 847 1890 sit,
915 1827 982 1877 ut
1047 1797 1332 1894 perpetuo
1391 1827 1730 1893 generetur,
1791 1837 1910 1876 non
1961 1797 2128 1892 prius
2159 1797 2201 1862 Β
2233 1798 2600 1875 ευίιιιάίυθω
2632 1799 3137 1873 comprehendere
3167 1817 3279 1856 n0“
3311 1801 3549 1874 P035“?

475 1911 898 1984 explicandum
931 1911 1078 1966 mihi
1133 1927 1263 1967 esse
1312 1918 1478 1984 puto,
1529 1927 1708 1982 quam
1763 1910 1940 1966 verba
1986 1910 2129 1966 illa:

474 2001 614 2056 Ante
643 2016 828 2058 omnes
871 2001 1032 2057 colles
1085 2017 1182 2071 ego
1220 2001 1586 2071 parturiebar
1615 1999 1682 2066 ",
1733 1999 1992 2072 penitius
2035 2015 2130 2055 ac-

479 2091 864 2164 curatiusque
896 2090 1256 2148 discussero.
1289 2093 1404 2146 Nec
1434 2096 1636 2146 tamen
1658 2089 1827 2146 video
1851 2089 1992 2162 quid
2022 2106 2132 2146 ne-

483 2181 742 2238 cessario
773 2181 1162 2237 concludatur
1181 2181 1291 2236 hac
1322 2180 1855 2252 argumentatione.
1889 2181 2032 2235 Nam
2055 2180 2126 2250 si,

474 2275 542 2327 ut
586 2270 684 2326 isti
736 2269 960 2340 volunt,
1012 2269 1071 2325 id
1122 2274 1316 2341 cwpit,
1367 2268 1525 2340 quod
1578 2269 1757 2324 linem
1805 2267 2126 2339 aliquando

478 2359 823 2416 habiturum
861 2367 969 2427 est,
1023 2359 1083 2414 id
1133 2364 1293 2414 certe
1351 2357 1508 2430 quod
1557 2359 1738 2414 finem
1786 2358 2126 2416 habiturum

469 2465 596 2504 non
632 2455 743 2516 est,
779 2450 942 2505 nullo
970 2466 1237 2521 unquam
1272 2457 1538 2522 tempore
1567 2450 1759 2522 caspit.
1794 2450 1944 2516 Quid
1983 2465 2120 2523 ergo

471 2536 544 2592 de
567 2537 787 2606 anima,
812 2539 1147 2612 angelicave
1177 2545 1390 2596 natura
1419 2539 1764 2611 responsuri
1793 2539 1977 2594 sunt?
2007 2543 2119 2607 An,

452 2627 698 2682 tametsi
755 2643 884 2683 esse
942 2629 1252 2702 cmperint,
1302 2628 1594 2684 desituras
1644 2628 1826 2686 etiam
1875 2628 2122 2684 dicent?

461 2717 577 2770 Aut
608 2715 656 2770 si
689 2733 812 2772 non
843 2717 1140 2785 desinant,
1169 2734 1244 2773 ne
1270 2717 1395 2773 ullo
1419 2716 1660 2789 quidem
1684 2732 1947 2788 unquam
1972 2722 2119 2773 tem-

453 2820 609 2876 pore
643 2805 936 2878 ccepisse‘?
964 2807 1140 2879 Atqui
1191 2811 1252 2862 et
1300 2811 1606 2879 coeperunt
1653 2822 1804 2874 esse,
1856 2813 1915 2863 et
1961 2822 2120 2862 nun-

2236 1930 2574 1986 Assertiones
2604 1927 2862 1983 adversus
2899 1927 3070 1982 aliam
3119 1929 3382 1984 Eunomii
3433 1929 3508 1985 ha
3523 1932 3716 1985 resin:
3768 1934 3882 1987 Non

2732 2014 2945 2070 semper
2971 1999 3143 2068 fuisse
3165 2001 3363 2068 ﬁlium.

2903 2139 3058 2198 CAP.
3103 2141 3214 2199 LV.

2302 2251 2494 2320 Magni
2522 2247 2822 2305 Athanasii
2849 2249 3108 2376 αᾱυὲηῗᾳε
3136 2248 3272 2305 hoc:
3298 2251 3406 2306 Non
3431 2265 3642 2322 semper
3675 2255 3796 2321 fuit

3001 2339 3018 2374 ῑ
3049 2337 3151 2376 ms.

3001 2337 3151 2376 ums.

2299 2430 2351 2483 8.
2387 2427 2444 2482 Si
2495 2427 2679 2482 Filius
2737 2427 3058 2500 aliquando
3104 2444 3229 2484 non
3281 2428 3411 2493 fuit,
3457 2435 3614 2486 certe
3669 2437 3881 2488 sancta

2225 2518 2483 2575 Trinitas
2513 2516 2834 2589 aliquando
2856 2518 3112 2574 Trinitas
3145 2535 3266 2574 non
3296 2519 3407 2574 luit
3433 2535 3446 2574 :
3479 2519 3584 2576 sed
3607 2520 3682 2576 ab
3704 2521 3877 2578 initio

2225 2607 2466 2680 quidem
2501 2606 2614 2662 fuit
2643 2607 2863 2667 unitas.
2890 2614 3096 2681 postea
3117 2625 3254 2664 vero
3285 2607 3501 2664 adnato
3520 2610 3695 2680 Filio,
3727 2611 3878 2668 dua-

2224 2697 2396 2754 litas:
2443 2697 2684 2754 tandem
2737 2696 2993 2770 denique
3047 2698 3327 2770 adjuncto
3377 2700 3600 2772 Spiritu
3646 2709 3877 2768 sancto,

2223 2788 2574 2842 conﬁrmata
2601 2792 2660 2842 et
2689 2787 2951 2858 perfecta
2982 2790 3070 2841 est
3123 2787 3231 2853 Qui
3257 2787 3322 2842 fit
3349 2793 3578 2855 autem,
3599 2796 3669 2844 ut
3691 2799 3882 2861 poste-

451 2909 646 2965 quam
693 2897 872 2954 linem
924 2897 1214 2954 habitura:
1274 2903 1430 2952 sunt.
1480 2897 1683 2953 Utrum
1723 2913 1860 2970 ergo
1914 2912 2110 2952 verum

2227 2875 2346 2932 rius
2375 2875 2555 2938 edita,
2587 2882 2642 2930 et
2675 2877 3046 2932 extrinsecus
3075 2876 3357 2948 adjuncta
3375 2878 3560 2940 Patri.
3589 2881 3694 2951 qui
3724 2883 3878 2952 prin-

452 2981 565 3037 hoc
591 2990 702 3051 est,
739 2987 898 3057 quod
933 2987 1026 3042 isti
1050 2987 1218 3042 aiunt
1247 3001 1259 3040 :
1291 2984 1591 3055 Quidquid
1623 2965 1860 3040 initiu'm
1888 2985 2110 3054 habuit,

2227 2965 2376 3036 cipio
2417 2971 2598 3028 caret.
2657 2972 3104 3030 accenseantur,
3165 2984 3406 3039 unaque
3449 2985 3670 3024 novam
3725 2987 3879 3026 crea-

451 3069 515 3126 id
548 3070 727 3128 ﬁnem
757 3053 998 3146 'quoque
1030 3074 1375 3130 habilurum
1411 3053 1540 3130 esse
1561 3074 1590 3129 ?
1618 3076 1765 3130 Ecce
1813 3091 1948 3132 vero
1981 3053 2112 3146 ipsa
2221 3057 2411 3109 turam
2431 3053 2742 3110 condant?
2772 3071 2874 3110 eos
2898 3054 3181 3110 nimirum
3203 3054 3302 3126 qui
3330 3071 3500 3111 sacro
3518 3055 3867 3128 baptismate

453 3175 693 3230 quoque
721 3142 818 3216 υέί
853 3142 924 3217 dé
975 3179 1036 3218 re
1089 3161 1368 3234 quapiam
1422 3161 1692 3232 privatio,
1751 3179 1882 3234 qum
1938 3142 2107 3234 prii“-
2134 3150 2184 3215 Ο
2213 3142 2691 3234 regenerantur?
2721 3150 2897 3234 atque
2928 3159 3049 3234 una
3067 3144 3249 3234 etiam
3276 3161 3406 3200 cum
3429 3144 3536 3200 illo
3551 3144 3872 3202 adorantur

453 3245 609 3314 cipio
639 3255 800 3304 caret
828 3250 983 3321 apud
1017 3231 1227 3315 Deum,
1249 3231 1435 3306 linem
1463 3250 1660 3320 habet,
1682 3231 1812 3306 cuin
1841 3231 2100 3325 primum
2208 3237 2266 3288 εί
2295 3231 2750 3325 εἶονίῧοδιιιιινῗ
2779 3233 2878 3287 Ait
2907 3233 3068 3325 enim
3101 3233 3412 3306 δαίμονα
3446 3250 3463 3290 ³
3517 3236 3867 3306 ΒαΡείεσπίεδ

451 3345 546 3385 res
575 3331 706 3403 ipsa
737 3337 916 3391 ﬁnem
950 3355 1122 3393 suum
1157 3339 1364 3394 sortita
1394 3338 1593 3394 fuerit.
1845 3323 1856 3325 ⁷
2205 3338 2292 3378 eos
2323 3323 2384 3378 in
2411 3325 2628 3380 nomine
2653 3325 2836 3380 Patris
2863 3330 2914 3380 et
2943 3324 3077 3379 Filii
3102 3330 3151 3380 et
3180 3325 3432 3396 Spiritus
3462 3330 3638 3384 sancti
3665 3326 3736 3382 ⁵⁸.

2692 3457 2945 3530 Ejusdem
2975 3461 3038 3514 Β.
3065 3458 3387 3516 Athanasii.

2287 3586 2342 3652 9,
2373 3583 2429 3639 Si
2459 3583 2663 3645 Filius.
2687 3588 2753 3639 ut
2783 3583 3100 3656 Apostolus
3130 3583 3234 3654 ait,
3260 3585 3521 3656 splendor
3567 3586 3766 3656 σιω-ξω
3791 3585 3856 3657 ετ,

2212 3673 2334 3728 sive
2365 3673 2469 3728 Dei
2501 3677 2560 3728 et
2587 3672 2778 3729 Patris
2808 3679 2918 3741 est,
2950 3679 3128 3746 atque
3158 3675 3305 3731 adeo
3334 3675 3644 3732 character
3673 3677 3859 3748 hypo-

2205 3765 2439 3817 staseos
2471 3763 2619 3834 ejus,
2653 3764 3040 3835 consequitur
3070 3770 3137 3820 ut
3165 3765 3422 3836 separari
3449 3781 3484 3820 a
3513 3766 3686 3820 Patre
3732 3782 3854 3822 non

2213 3850 2437 3924 possit;
2469 3850 2751 3924 splendor
2788 3853 2944 3908 enim
2976 3853 3049 3908 ab
3082 3871 3174 3918 eo,
3221 3854 3378 3925 cujus
3423 3853 3704 3923 splendor
3731 3861 3840 3922 est,

1039 3459 1233 3514 Sancti
1273 3461 1491 3529 Cyrilli.

516 3571 568 3626 4.
604 3568 662 3624 Si
711 3569 974 3639 paternae
1033 3564 1420 3637 hypostaseos
1483 3567 1789 3638 specimen
1834 3570 1964 3640 ipsa
2011 3576 2102 3628 est

440 3657 736 3730 genitura,
775 3671 879 3711 seu
913 3655 1013 3710 Dei
1042 3654 1368 3722 generatio,
1405 3658 1792 3727 consequitur
1830 3659 2098 3728 omnino,

444 3753 510 3802 ut
540 3745 830 3804 naturalis
859 3746 935 3801 sit
965 3743 1094 3816 ejus
1127 3744 1483 3816 proprietas,
1518 3761 1709 3818 neque
1741 3752 1945 3818 postea
1983 3766 2101 3805 ca:-

440 3838 614 3911 perit.
648 3839 795 3893 Nam
829 3853 900 3892 ex
929 3834 1302 3891 naturalibus
1354 3842 1414 3891 et
1461 3835 1676 3892 divinis
1724 3840 2100 3911 proprietati-

441 3927 553 3983 bus
584 3926 753 3984 nulla
786 3932 896 3994 est,
931 3942 1061 3996 quas
1094 3924 1170 3981 sit
1203 3925 1570 3982 extrinsecus
1601 3927 1806 3984 ascita.
1893 3949 1903 3956 ο

2227 3941 2474 4012 separari
2507 3941 2734 4013 nequit.
2767 3948 2829 3998 at
2857 3958 2991 3998 cum
3023 3959 3093 3998 eo
3127 3924 3350 4016 semper
3374 3947 3482 4000 est.
3521 3941 3703 4014 idque
3729 3959 3842 3999 na-

2205 4035 2358 4097 tura,
2397 4045 2520 4086 non
2559 4031 2930 4090 extrinsecus
2986 4033 3226 4090 ascitus.
3283 4031 3627 4106 Hujusmodi
3669 4050 3848 4107 porro

2207 4127 2296 4176 est
2325 4122 2710 4196 hypostaseos
2741 4141 2975 4196 quoque
2999 4124 3322 4180 character.

1026 4051 1283 4123 Ejusdem
1321 4051 1536 4122 Cyrilli.

513 4163 561 4214 5.
601 4159 656 4216 Si
693 4157 937 4231 quidem
966 4159 1140 4213 Pater
1182 4158 1445 4230 cceperit,
1500 4164 1557 4214 et
1609 4159 1836 4217 destitit
1877 4161 2095 4220 Filium

437 4266 749 4324 generare.
775 4247 1074 4305 uttihristi
1105 4248 1305 4303 hostes
1329 4247 1673 4319 opinantur,
1696 4255 1854 4306 certe
1876 4251 2096 4308 altera-
2796 4250 2998 4305 Basilii
3031 4251 3242 4321 Magni.

431 4341 584 4396 tioni
616 4343 674 4395 et
709 4337 1023 4432 mutationi
1057 4337 1349 4432 obnoxius
1391 4342 1498 4392 est.
1547 4337 1714 4432 Quod
1764 4340 1920 4394 enim
1973 4357 2093 4398 non
2273 4357 2357 4410 to.
2389 4353 2756 4429 Principium
2788 4357 3026 4429 quidem
3061 4356 3252 4414 Patris
3297 4357 3525 4414 nullum
3560 4373 3577 4414 :
3629 4361 3864 4432 princi-

431 4435 560 4486 erat
582 4435 901 4501 antequam
928 4427 1222 4500 gigneret,
1259 4426 1316 4480 id
1349 4442 1478 4482 esse
1499 4428 1676 4498 coepit
1701 4435 2091 4502 posteaquam

2227 4443 2362 4500 pium
2393 4461 2532 4502 vero
2555 4446 2714 4512 Filii,
2747 4449 2942 4504 Pater.
2977 4447 3192 4503 Horum
3228 4463 3402 4520 porro
3425 4447 3859 4509 intermedium

428 4519 653 4611 8899i}.
685 4517 852 4611 Ωιιοά
885 4516 932 4571 εί
992 4515 1544 4611 Prm_5tal_1ti°r_95l_
1566 4515 1880 4611 ἀίνξηίῘ-αξς-
1911 4536 2090 4592 quam
2123 4529 2169 4594 D
2200 4533 2435 4589 nullum
2465 4540 2575 4591 est.
2608 4535 2715 4600 Qui
2749 4536 2872 4592 lteri
2923 4552 3062 4609 ergo
3115 4515 3326 4609 potest.
3365 4541 3432 4593 ut
3479 4538 3530 4592 is
3571 4554 3700 4594 non
3757 4541 3860 4611 sit,

425 4613 491 4663 ut
522 4607 612 4698 illi
677 4607 756 4662 sit
801 4607 1130 4698 mutati—oni
1190 4605 1468 4698 obnoxia,
1529 4606 1689 4698 haud
1732 4608 1922 4698 dubie
1976 4627 2088 4668 nec
2197 4623 2298 4694 qui
2356 4623 2503 4680 nihil
2557 4624 2792 4680 habeat.
2849 4605 3019 4696 quod
3057 4605 3167 4698 ipsi
3225 4631 3434 4698 postea
3502 4626 3712 4684 inesse
3762 4605 3861 4685 in;

425 4696 606 4768 εωΡίι
637 4711 748 4750 nec
783 4693 960 4788 (ξθεξίῐ
1003 4693 1214 4749 Filium
1267 4695 1530 4768 gignere.
1577 4695 1680 4788 8θᾲ
1729 4697 1930 4788 Itilius.
1981 4717 2090 4772 P8P
2197 4693 2518 4784 telligatur,
2571 4713 2686 4768 nisi
2732 4693 2881 4770 eum
2917 4729 2952 4768 a
2995 4693 3111 4786 quo
3165 4693 3358 4786 ipsum
3409 4730 3540 4770 esse
3594 4719 3861 4788 accepit,

424 4801 604 4858 quem
640 4783 860 4841 saecula
888 4783 1042 4840 facta
1075 4788 1216 4840 sunt
1245 4790 1306 4838 et
1337 4791 1622 4856 tempora,
1657 4784 1718 4842 in
1750 4787 1923 4844 Patre
1955 4789 2082 4847 sine
2195 4783 2352 4867 eum;
2411 4801 2680 4874 inquam,
2730 4803 2830 4875 qui
2890 4783 3052 4859 nullo
3104 4783 3455 4875 praeeminet
3506 4783 3861 4879 intervallo,

421 4880 692 4948 tempore
724 4879 873 4930 erat.
2189 4889 2292 4945 sed
2323 4891 2448 4947 sola
2475 4907 2668 4948 causa;
2699 4892 2928 4948 ratione
2959 4892 3368 4965 prteponitur?

990 5000 1248 5072 Ejusdem
1289 4999 1508 5070 Cyrilli.

488 5122 542 5176 6.
580 5119 637 5176 Si
670 5121 844 5175 Pater
873 5117 1086 5174 Filium
1117 5117 1356 5188 gignere
1389 5115 1651 5186 coeperit,
1684 5116 1796 5174 hoc
1827 5118 2068 5189 quidem

413 5217 573 5268 certe
606 5207 690 5264 illi
721 5207 994 5272 accessit,
1051 5211 1109 5260 et
1161 5205 1460 5276 posterius
1510 5203 1568 5259 id
1613 5207 1862 5277 accepit,
1913 5210 2074 5279 quod

413 5302 586 5358 initio
613 5301 810 5356 minus
842 5295 1119 5354 habebat.
1145 5295 1247 5352 Cui
1274 5311 1446 5366 porro
1466 5295 1668 5366 aliqua
1693 5295 1756 5350 fit
1787 5301 2070 5370 accessio,

410 5388 470 5443 id
500 5391 940 5459 imperfectum,
976 5403 1094 5443 non
1128 5391 1328 5442 autem
1353 5385 1681 5458 perfectum
1719 5391 1860 5442 erat.
1900 5389 2068 5454 Quod

411 5477 658 5544 quidem
688 5478 759 5532 de
790 5481 964 5534 Patre
987 5477 1246 5550 cogitare
1279 5477 1446 5532 nefas
1474 5481 1582 5533 est.
1621 5477 1891 5536 Essentia
1911 5481 2068 5538 enim

2747 5015 3005 5087 Ejusdem
3044 5015 3258 5073 Basilii.

2259 5127 2343 5179 11.
2380 5124 2434 5180 Si
2467 5124 2671 5180 omnia
2695 5140 2802 5197 per
2827 5124 3042 5182 Filium
3075 5125 3228 5182 facta
3271 5131 3434 5192 sunt,
3489 5142 3694 5184 unum
3753 5145 3863 5186 an“

2186 5219 2304 5270 tem
2337 5231 2406 5271 ex
2437 5215 2714 5271 omnibus
2740 5221 2970 5288 tempus
3027 5220 3152 5280 est;
3196 5214 3401 5272 adhmc
3453 5215 3504 5270 si
3546 5232 3665 5288 per
3716 5236 3862 5276 eum

2183 5305 2358 5360 Pater
2385 5303 2526 5360 fecit
2552 5310 2610 5360 et
2639 5305 2875 5368 saecula.
2907 5310 3066 5362 certe
3097 5310 3235 5360 ante
3265 5321 3402 5360 eum
3452 5321 3664 5376 neque
3697 5315 3864 5366 tem-

2181 5393 2342 5465 poris
2372 5409 2567 5464 neque
2601 5393 2802 5450 saaculi
2836 5393 2947 5450 fiit
2977 5393 3351 5450 intervallum
3381 5409 3398 5450 :
3442 5400 3513 5450 ut
3558 5394 3720 5454 huic
3769 5398 3862 5454 in-

2180 5483 2357 5542 nixus
2407 5483 2569 5542 dicas
2618 5501 2755 5544 eum
2803 5485 3124 5558 aliquando
3185 5501 3306 5542 non
3374 5482 3590 5542 fuisse.
3653 5488 3862 5554 Quare

469 5598 514 5634 ⁸⁸
545 5596 711 5653 Prov.
741 5617 863 5666 vni,
892 5607 980 5658 25.
1055 5603 1102 5639 ⁵⁸
1131 5604 1332 5664 Matth.
1363 5621 1562 5671 xxrm,
1599 5608 1684 5662 19.
1761 5605 1810 5640 ⁸⁷
1848 5607 2020 5667 Hebr.
2064 5627 2105 5678 ι,
2134 5613 2190 5668 3.
