4090 6192
329 344 358 403 l
370 342 483 407 421

1676 344 2081 411 THESAUHI
2122 348 2277 411 LIB.
2322 349 2401 412 ν.

3585 358 3741 422 1422

330 494 546 535 vanum
578 481 640 533 et
665 475 839 532 futile
860 480 950 533 est
970 478 1129 549 quod
1149 477 1346 534 dicitis
1369 495 1384 535 :
1406 478 1539 536 Fuit
1563 481 1980 552 tempus,quod
2009 484 2061 552 Α
2092 483 2296 541 fuisse.
2331 486 2406 538 At
2440 484 2489 539 si
2535 484 2717 542 Filius
2755 503 2877 544 non
2922 488 3119 557 fuerit,
3167 505 3242 547 ne
3293 491 3468 548 Pater
3497 493 3738 565 quidem

330 569 555 641 [Filius]
590 582 713 622 non
743 566 876 623 fuit.

900 685 1157 755 Ejusdem
1196 686 1410 742 Basilii.

404 809 486 860 l2.
524 804 626 859 lsti
659 803 900 875 quidem
933 803 1132 859 aiunt:
1172 804 1227 858 Si
1261 810 1405 875 erat,
1435 805 1667 877 genitus
1704 822 1822 862 non
1854 809 1969 862 est.

323 896 440 951 Nos
471 902 670 951 autem
702 894 957 949 dicimus
989 892 1148 965 quod
1179 899 1305 950 erat
1334 900 1393 949 et
1438 896 1672 967 genitus
1704 900 1809 950 est.
1848 897 1978 951 Ilmc

326 985 487 1041 enim
518 984 809 1041 verba.Eac
840 990 997 1038 utero
1054 990 1182 1037 ante
1236 985 1551 1053 Luciferum
1590 986 1757 1054 genui
1812 990 1864 1039 te
1905 982 1974 1053 ⁵⁸,

326 1081 384 1130 et
415 1075 559 1143 hmo,
593 1074 728 1128 Ante
780 1089 963 1128 omnes
1009 1072 1172 1128 colles
1222 1072 1415 1143 genuit
1462 1072 1631 1142 me”,
1679 1079 1737 1128 et
1765 1078 1978 1129 cratera

326 1164 385 1220 id
409 1180 618 1238 genus,
648 1163 863 1219 Filium
900 1161 1252 1235 genitum,et
1280 1163 1463 1219 alium
1496 1180 1530 1218 a
1560 1164 1752 1231 Patre,
1786 1180 1975 1235 quan-

323 1260 450 1310 tum
480 1254 555 1309 ad
587 1252 950 1325 hypostasin,
974 1268 1103 1308 esse
1130 1250 1561 1309 demonstrant.
1588 1254 1719 1307 Haec
1751 1259 1971 1322 autem,

320 1345 386 1398 In
441 1344 725 1413 principio
774 1347 893 1396 erat
956 1341 1211 1407 Verbum,
1269 1348 1322 1396 et
1376 1342 1600 1396 Verbum
1648 1348 1767 1397 erat
1822 1342 1973 1413 apud

319 1434 487 1489 Deum
525 1438 576 1489 et
631 1433 767 1487 Deus
813 1437 932 1485 erat
996 1430 1246 1485 Verbum.
1309 1433 1495 1486 Item:
1556 1433 1663 1488 Iloc
1731 1439 1849 1487 erat
1912 1434 1971 1487 in

310 1521 596 1595 principio
642 1521 795 1592 apud
838 1522 1025 1577 Deum.
1080 1519 1331 1592 Insuper
1379 1521 1538 1592 quod
1580 1521 1763 1577 semel
1793 1527 1969 1592 atque

318 1614 532 1669 iterum
562 1611 803 1668 verbum
848 1618 967 1666 erat
1003 1610 1062 1665 in
1112 1610 1497 1681 sequentibus
1538 1611 1835 1683 adjicitur,
1870 1630 1967 1666 ar-

318 1707 595 1778 gumento
655 1707 745 1757 est
799 1700 1010 1757 Filium
1084 1699 1157 1755 ab
1197 1706 1419 1756 mterno
1478 1717 1627 1768 esse,
1688 1701 1967 1772 Patrique

319 1807 554 1862 semper
610 1789 949 1845 adhaerere:
1010 1803 1261 1858 quorum
1319 1786 1689 1845 confirmatio
1746 1788 1838 1844 his
1897 1806 1965 1844 ex

315 1856 506 1934 verbis
556 1878 676 1951 peti
724 1877 931 1933 debet:
1001 1856 1109 1941 Qui
1160 1882 1250 1932 est
1296 1876 1355 1930 in
1407 1876 1541 1932 sinu
1584 1877 1795 1947 Patris,
1860 1877 1959 1949 qui
1992 1856 2039 1922 Β

317 1984 550 2041 semper
579 1972 687 2037 est,
720 1984 828 2023 nec
851 1966 922 2021 ab
950 1983 1017 2022 eo
1051 1971 1360 2040 separatur
1390 1982 1674 2037 unquam.

308 2116 315 2121 ~
387 2088 453 2145 Β.
484 2087 711 2156 Gregor.
745 2086 971 2158 Nysseni
1009 2101 1078 2212 fta:
1104 2086 1381 2212 Igiiagione
1426 2084 1498 2140 ad
1542 2084 1891 2155 Simplicium

1049 2173 1076 2212 e
1150 2173 1212 2211 lt
1255 2198 1268 2211 .

1049 2173 1076 2212 ϐ
1104 2173 1268 2212 nuo.

386 2279 471 2333 13.
525 2282 677 2335 Deus
732 2292 839 2348 per
887 2274 1241 2347 PrOphetam
1284 2279 1440 2331 vetat
1465 2273 1515 2310 ⁸ο
1542 2290 1619 2331 ne
1653 2275 1833 2332 Deum
1863 2291 1960 2331 re-

312 2372 567 2435 centem,
627 2368 812 2422 Deum
873 2380 1001 2419 esse
1072 2370 1436 2436 reputemus,
1495 2381 1639 2420 neve
1698 2365 1958 2422 alienum

313 2454 497 2511 Deum
528 2453 796 2510 colamus
825 2460 928 2509 aut
974 2452 1313 2508 adoremus.
1364 2452 1527 2509 Unde
1559 2458 1793 2509 constat
1819 2471 1957 2511 eum

308 2549 611 2601 recentem
669 2543 806 2607 dici,
839 2543 941 2614 qui
999 2542 1071 2599 ab
1117 2548 1339 2599 interno
1387 2559 1507 2598 non
1565 2548 1674 2610 est,
1714 2543 1956 2616 viceque

310 2651 484 2691 versa
513 2638 802 2690 internum
824 2632 1136 2704 appellari,
1160 2632 1260 2704 qui
1284 2649 1492 2689 recens
1522 2649 1643 2689 non
1674 2632 1770 2689 sit.
1803 2634 1955 2698 Quo-

312 2726 469 2781 circa
526 2724 797 2797 quisquis
853 2723 1233 2796 Unigenitum
1281 2722 1354 2779 ab
1400 2728 1622 2778 aeterno
1669 2724 1853 2779 Deum
1884 2740 1954 2779 ex

308 2817 481 2871 Patre
507 2830 637 2870 esse
668 2829 788 2869 non
820 2812 1028 2880 credit,
1079 2812 1129 2866 is
1178 2828 1313 2868 eum
1344 2817 1642 2868 recentem
1674 2829 1802 2869 esse
1832 2829 1953 2869 non

306 2905 624 2961 inﬁciatur.
658 2901 964 2974 Siquidem
1022 2901 1181 2973 quod
1240 2918 1360 2957 non
1415 2908 1502 2958 est
1550 2908 1861 2969 aeternum,
1893 2902 1953 2959 id

303 2995 548 3050 omnino
581 3008 789 3049 recens
819 2996 929 3047 est.
952 2992 1262 3058 Caeterum,
1289 2990 1580 3064 quidquid
1603 3008 1808 3047 recens
1839 2996 1949 3060 est,

300 3085 456 3141 Deus
483 3099 602 3139 non
664 3088 792 3138 est:
851 3086 1028 3153 prout
1091 3084 1405 3136 attestatur
1453 3080 1774 3152 Scriptura,
1815 3098 1990 3145 cum.

301 3174 418 3230 ait:
452 3173 569 3229 Non
598 3175 705 3228 erit
750 3174 809 3225 in
852 3180 902 3226 te
930 3171 1070 3225 Deus
1100 3186 1302 3226 recens.
1336 3170 1612 3241 Quisquis
1644 3186 1781 3244 ergo
1812 3187 1947 3228 eum
1989 3202 2033 3271 α

298 3262 617 3334 aliquando
639 3277 761 3317 non
799 3260 980 3316 fuisse
1006 3259 1111 3328 ait,
1134 3259 1184 3315 is
1205 3259 1333 3331 ejus
1356 3258 1720 3314 divinitatem
1753 3265 1950 3333 negat.

294 3352 513 3409 Adhasc
544 3351 645 3423 qui
692 3350 810 3407 ait:
866 3353 989 3406 Non
1032 3348 1292 3404 adorabis
1333 3349 1497 3404 Deum
1540 3348 1786 3404 alienum
1802 3349 1871 3419 ⁸⁸,
1904 3350 1954 3407 is

296 3440 483 3495 Deum
532 3439 791 3494 alienum
839 3435 1091 3492 adorare
1137 3442 1311 3493 vetat.
1357 3436 1602 3491 Alienus
1634 3454 1809 3509 porro
1840 3442 1950 3504 est,

299 3528 398 3600 qui
430 3545 464 3584 a
489 3527 728 3600 proprio
760 3528 877 3582 Deo
908 3531 1114 3581 nostro
1169 3527 1476 3598 sejunctus
1515 3526 1948 3583 consideratur.

293 3618 421 3673 Jam
456 3618 728 3690 proprius
755 3617 910 3671 Deus
939 3620 1163 3682 noster,
1197 3615 1329 3686 quis
1371 3614 1506 3670 est?
1561 3617 1741 3671 Verus
1770 3616 1950 3671 nimi-

292 3723 426 3763 rum
464 3709 632 3762 Deus.
665 3705 807 3771 Quis
839 3721 1015 3777 porro
1047 3703 1328 3759 alienus?
1372 3705 1427 3759 Is
1458 3719 1691 3776 nempe,
1728 3706 1827 3775 qui
1855 3705 1950 3761 di-

294 3812 524 3854 versam
554 3811 755 3851 avero
810 3792 926 3849 Deo
979 3799 1254 3848 naturam
1308 3792 1510 3851 habet.
1567 3794 1757 3859 Quare
1810 3810 1946 3851 cum

295 3887 571 3959 proprius
602 3889 806 3940 noster
833 3883 911 3939 sit
956 3898 1131 3939 verus
1182 3883 1356 3950 Deus,
1387 3882 1528 3937 inde
1558 3882 1626 3937 ﬁt
1652 3888 1718 3937 ut
1746 3883 1947 3954 unige-

296 3976 455 4030 nitus
487 3976 660 4037 Deus,
685 3973 735 4027 si
756 3974 880 4027 veri
904 3972 1003 4025 Dei
1028 3977 1324 4035 naturam,
1348 3976 1414 4024 ut
1430 3969 1637 4024 volunt
1657 3971 1942 4037 haeretici,

295 4080 417 4120 non
446 4063 682 4129 habeat,
708 4060 939 4116 alienus
987 4060 1143 4113 Deus
1190 4059 1286 4121 sit,
1336 4073 1455 4111 non
1486 4063 1685 4112 autem
1716 4064 1939 4113 noster.

293 4156 604 4216 Caeterum,
637 4164 777 4216 oves,
821 4151 886 4202 ut
934 4146 993 4199 in
1024 4145 1339 4216 Evangelio
1371 4143 1582 4216 legitur
1600 4143 1670 4214 θ’,
1701 4146 1944 4202 alienum

290 4259 401 4299 non
432 4240 693 4297 audiunt.

358 4332 468 4397 Qui
498 4334 764 4385 creatum
794 4327 991 4399 ipsum
1020 4341 1149 4381 esse
1183 4324 1283 4389 ait,
1309 4324 1360 4380 is
1382 4338 1416 4379 a
1440 4328 1653 4380 natura
1682 4326 1803 4379 veri
1837 4326 1937 4381 Dei

290 4422 553 4479 alienum
601 4417 827 4492 statuit.
875 4417 1004 4471 Jam
1064 4412 1209 4486 quid
1255 4417 1436 4486 agunt
1493 4412 1617 4486 [qui
1675 4419 1939 4471 creatum

290 4507 664 4582 proﬁtentur]
693 4506 722 4562 τι
777 4504 1030 4561 adorant
1085 4518 1160 4559 ne
1216 4501 1408 4568 illum,
1441 4500 1684 4558 annon?
1727 4503 1783 4559 Si
1818 4520 1936 4559 non

288 4572 559 4667 adorant,
590 4572 822 4653 Iudaeos
853 4594 1166 4650 imitantur
1195 4591 1297 4663 qui
1340 4591 1639 4648 Christum
1671 4591 1934 4649 adoran-

288 4690 429 4747 dum
461 4704 591 4744 esse
623 4689 860 4758 negant.
897 4688 968 4737 At
1014 4682 1062 4738 si
1108 4681 1379 4746 adorant,
1414 4680 1741 4737 idololatria
1772 4690 1933 4753 sunt,

286 4779 385 4852 qui
417 4776 679 4834 alienum
723 4790 757 4830 a
798 4790 942 4851 vero
994 4773 1110 4855 Deo
1168 4769 1437 4826 adorent.
1468 4770 1595 4826 1am
1625 4788 1793 4843 aeque
1824 4774 1935 4829 im-

282 4868 449 4939 pium
501 4870 610 4929 est,
671 4867 729 4918 et
781 4878 981 4917 verum
1015 4862 1201 4917 Deum
1248 4875 1370 4914 non
1402 4859 1670 4920 adorare.
1699 4865 1756 4915 et
1786 4860 1937 4916 alie-

284 4972 428 5013 num
487 4971 523 5011 a
574 4969 710 5009 vero
766 4954 883 5008 Deo
941 4949 1210 5006 adorare.
1271 4948 1527 5004 Proinde
1582 4965 1756 5005 verus
1811 4951 1932 5006 veri

285 5045 474 5102 Patris
527 5043 706 5099 Filius
765 5043 917 5097 Deus
973 5039 1147 5095 nobis
1212 5038 1499 5094 dicendus
1547 5043 1638 5093 est
1683 5045 1749 5094 ut
1796 5056 1931 5095 eum

282 5134 599 5191 adoremus
650 5146 845 5202 neque
921 5127 1411 5194 condemnemur,
1470 5128 1537 5182 ut
1593 5126 1771 5183 alieni
1828 5129 1930 5184 Dei

280 5224 642 5280 adoratores.

352 5343 605 5415 Ejusdem
635 5341 860 5413 Nysseni
898 5338 1257 5464 ἱηάρηαςέοἷιε
1285 5335 1351 5391 de
1385 5335 1514 5390 Filii
1543 5341 1595 5391 et
1621 5336 1861 5406 Spiritus

988 5425 1126 5464 mm
1156 5425 1188 5462 a
1217 5424 1263 5463 e.

988 5424 1263 5464 wmuate.

356 5532 439 5590 14.
471 5533 691 5592 Dicunt
743 5527 1120 5594 Eunomiani,
1173 5525 1387 5584 Filium
1449 5515 1767 5598 aliquando
1809 5544 1930 5587 non

2089 573 2334 629 omnino
2364 573 2493 631 fuit.
2528 575 2583 630 Si
2610 576 2890 648 splendor
2914 596 3033 635 non
3064 581 3263 647 fuerit,
3294 599 3369 639 ne
3400 585 3500 656 qui
3532 585 3737 657 splen-

2088 660 2255 717 deret
2282 664 2525 735 quidem
2583 667 2713 723 fuit.
2775 669 2832 723 Si
2894 670 3202 728 character
3254 688 3358 729 seu
3401 674 3587 747 ﬁgura
3612 693 3734 734 non

2084 750 2282 820 fuerit,
2314 771 2387 810 ne
2420 756 2752 828 hypostasis
2782 760 3021 831 quidem
3054 761 3183 817 fuit.
3226 764 3284 818 Si
3315 768 3582 835 potentia
3611 785 3732 825 non

2083 840 2283 909 fuerit,
2336 845 2383 900 si
2425 846 2724 918 Sapientia
2778 866 2897 905 non
2956 851 3136 906 fuerit
3174 853 3345 923 (citra
3397 872 3543 926 quas
3576 858 3729 915 Deus

2084 948 2203 987 non
2236 936 2364 1004 est),
2398 952 2471 990 ne
2503 937 2656 992 Deus
2687 939 2928 1009 quidem
2960 940 3089 998 fuit.
3124 943 3239 997 Nec
3271 944 3429 998 enim
3462 946 3587 1001 fleri
3620 965 3729 1020 po-

2084 1024 2216 1089 test,
2249 1029 2315 1078 ut
2353 1024 2598 1089 gloriam
2656 1028 2775 1083 sive
2834 1029 3036 1084 lumen
3094 1031 3222 1085 sine
3270 1032 3607 1104 splendore,
3639 1037 3731 1093 vel

2082 1111 2329 1183 ﬁguram
2363 1114 2491 1171 sine
2523 1116 2849 1188 hypostasi,
2871 1118 2959 1173 vel
2988 1121 3317 1191 sapientem
3340 1123 3467 1177 sine
3499 1126 3730 1197 sapien-

2083 1201 2181 1271 tia,
2216 1202 2305 1257 vel
2334 1209 2633 1273 potentem
2695 1206 2822 1261 sine
2881 1210 3164 1279 potentia,
3212 1210 3299 1266 vel
3330 1212 3564 1269 Patrem
3596 1216 3724 1271 sine

2078 1289 2222 1344 Filio
2254 1291 2599 1363 cogitemus.
2640 1294 2842 1365 Itaque
2895 1303 3056 1368 patet
3087 1314 3156 1352 ex
3198 1301 3553 1371 supradictis
3586 1321 3722 1362 eum

2077 1378 2177 1449 qui
2235 1379 2450 1437 Filium
2502 1381 2675 1437 tollit.
2736 1400 2857 1440 una
2899 1392 2955 1440 et
2999 1388 3203 1443 eadem
3253 1406 3432 1461 opera
3485 1393 3722 1449 Patrem

2076 1484 2311 1539 quoque
2346 1470 2570 1526 tollere.
2611 1473 2739 1528 Jam
2771 1474 2871 1529 ubi
2902 1492 3096 1546 neque
3127 1478 3308 1534 Filius
3337 1479 3720 1551 glorificatur,

2074 1572 2268 1627 neque
2298 1560 2473 1614 Pater
2530 1576 2658 1616 esse
2716 1563 2999 1626 creditur.
3058 1566 3333 1622 divinitas
3375 1585 3616 1640 prorsus
3648 1571 3720 1627 de

2071 1646 2270 1701 medio
2294 1647 2543 1716 tollitur,
2564 1649 2943 1707 Divinitatem
2967 1670 3141 1723 porro
3166 1655 3237 1710 de
3267 1657 3462 1712 medio
3492 1660 3720 1727 tollere,

2071 1734 2296 1790 nullius
2345 1742 2457 1805 est,
2517 1744 2913 1809 praeterquam
2974 1742 3229 1812 Epicuri.
3291 1745 3534 1801 Constat
3582 1764 3719 1821 ergo

2070 1831 2191 1881 tam
2222 1826 2420 1898 impim
2465 1827 2759 1885 haereseos
2808 1837 3132 1886 assertores
3176 1834 3411 1905 Epicuri
3443 1836 3515 1891 de
3546 1854 3720 1909 grege

2076 1933 2285 1987 porcos
2347 1932 2494 1971 esse.
2554 1918 2870 1974 Sciendum
2927 1927 3125 1977 autem
3184 1930 3273 1977 est
3331 1926 3568 1982 vocibus
3627 1929 3719 1984 his

2073 2004 2803 2076 Splendore.cbaractere,
2860 2010 3125 2078 potentia
3182 2015 3240 2065 et
3296 2014 3589 2083 sapientia
3627 2016 3717 2072 in-

2071 2110 2421 2150 concussam
2440 2094 2760 2166 quamdam
2778 2096 3261 2152 constitutionem
3282 2104 3339 2154 et
3354 2101 3723 2173 conjunctio-

2069 2198 2207 2238 nem
2238 2200 2344 2240 seu
2373 2183 2941 2256 conglutinationem
2991 2186 3366 2257 potissimum
3397 2187 3716 2261 designari.

2670 2331 2861 2387 Sancti
2886 2331 3108 2404 Cyrilli.

2140 2447 2225 2498 15.
2259 2443 2442 2501 Filius
2474 2452 2563 2502 est
2593 2462 2663 2503 ex
2692 2448 2863 2502 Patre
2896 2451 2955 2501 et
2983 2446 3044 2503 in
3074 2448 3285 2505 Patre:
3332 2451 3716 2521 quemadmo-

2066 2531 2205 2588 dum
2238 2550 2310 2589 ex
2346 2534 2469 2591 sole
2515 2534 2799 2607 splendor
2846 2536 3012 2606 ejus:
3068 2537 3160 2592 vel
3211 2540 3715 2609 quemadmodum

2066 2640 2136 2679 ex
2166 2624 2298 2697 igne
2341 2625 2561 2697 ignitus
2620 2626 2749 2698 ejus
2806 2625 2984 2681 calor.
3040 2628 3105 2681 In
3157 2628 3501 2695 huiusmodi
3556 2632 3716 2687 enim

2062 2714 2349 2785 exemplis
2374 2731 2562 2770 unum
2595 2714 2835 2786 quidem
2879 2732 2948 2770 ex
2978 2731 3098 2771 uno
3130 2720 3336 2771 natum
3370 2717 3572 2773 videre
3605 2727 3712 2785 est,

2064 2805 2116 2859 ei
2169 2809 2367 2861 tamen
2420 2821 2657 2877 semper
2707 2806 3006 2861 inhaerens
3064 2823 3171 2862 nec
3229 2822 3494 2878 unquam
3536 2809 3609 2864 ab
3643 2827 3711 2865 eo

2062 2893 2419 2963 sejunctum,
2454 2894 2535 2948 ita
2562 2899 2630 2949 ut
2671 2893 2799 2948 sine
2830 2894 3040 2961 altero,
3073 2912 3180 2966 per
3207 2912 3269 2950 se
3296 2896 3549 2952 alterum
3583 2914 3713 2953 esse

2060 2998 2181 3037 non
2213 2982 2419 3055 possit,
2460 2999 2653 3054 neque
2683 2999 2879 3038 veram
2926 2984 3180 3055 prOpriaa
3212 2989 3439 3041 naturae
3471 3001 3717 3041 conser-

2058 3088 2193 3127 vare
2219 3072 2535 3127 rationem.

2619 3188 2876 3259 Ejusdem
2933 3189 3151 3260 Cyrilli.

2134 3308 2218 3360 16.
2253 3305 2309 3361 Si
2341 3304 2523 3360 Filius
2571 3321 2692 3360 non
2740 3305 2917 3360 fuerit
2959 3322 3095 3361 cum
3144 3306 3334 3373 Patre,
3373 3307 3705 3378 praesertim

2058 3410 2193 3450 eum
2226 3410 2297 3449 ex
2327 3410 2395 3450 eo
2436 3394 2788 3449 naturaliter
2825 3394 3106 3465 procedat
3153 3396 3326 3465 eique
3373 3401 3705 3453 coaeternus

2056 3486 2152 3553 sit,
2178 3483 2424 3556 contigit
2444 3483 2600 3539 haud
2624 3482 2801 3538 dubie
2827 3483 2880 3538 ei
2909 3500 3146 3555 quoque
3177 3485 3278 3557 qui
3310 3502 3446 3542 eum
3476 3488 3701 3559 genuit,

2055 3579 2121 3628 ut
2148 3575 2322 3629 Pater
2351 3572 2601 3628 evaserit
2627 3589 2639 3627 :
2663 3579 2841 3644 atque
2870 3572 3019 3628 adeo
3049 3574 3368 3630 mutationi
3400 3579 3457 3628 et
3488 3574 3707 3630 altera-

2053 3662 2199 3723 tioni
2249 3662 2507 3733 cuipiam
2563 3660 2856 3718 obnoxius
2905 3678 3034 3716 esse
3077 3661 3363 3717 videatur.
3398 3662 3703 3732 Siquidem

2053 3752 2211 3824 quod
2241 3768 2361 3807 non
2394 3757 2540 3817 erat,
2571 3757 2637 3807 ut
2668 3750 2867 3816 vultis,
2901 3749 2961 3803 id
2991 3750 3368 3819 postmodum
3400 3750 3601 3805 evasit.
3631 3755 3706 3806 At

2050 3858 2185 3897 vero
2225 3846 2439 3896 natura
2469 3840 2668 3893 divina
2706 3837 3051 3892 mutationis
3084 3837 3279 3892 omnis
3310 3843 3368 3893 et
3396 3838 3702 3895 alteratio-

2050 3929 2144 3983 nis
2176 3943 2384 3997 expers
2415 3931 2522 3981 est.
2556 3927 2681 3980 Non
2709 3941 2846 3997 ergo
2877 3926 2993 3980 Deo
3020 3926 3256 3981 Patrem
3281 3926 3409 3982 fieri
3432 3929 3703 4005 contigit,

2051 4015 2155 4072 sed
2184 4013 2441 4070 Verbum
2472 4012 2631 4084 quod
2661 4012 2734 4067 ab
2766 4014 2895 4085 ipso
2928 4016 3235 4086 processit,
3260 4021 3621 4073 cozeternum
3644 4018 3699 4074 ei

2048 4108 2195 4169 erat,
2219 4103 2721 4174 quemadmodum
2743 4104 2803 4158 in
2828 4104 2961 4174 igne
2982 4103 3141 4163 calor
3164 4105 3263 4178 qui
3296 4105 3369 4161 ab
3400 4105 3527 4179 ipso
3559 4125 3698 4179 pro-

2048 4194 2222 4259 cedit,
2254 4209 2605 4264 semperque
2637 4210 2772 4249 cum
2795 4193 2922 4265 ipso
2956 4200 3045 4251 est
3075 4199 3131 4250 et
3153 4211 3224 4251 ex
3248 4195 3473 4253 lumine
3503 4196 3697 4270 splen-

2047 4286 2154 4342 dor
2185 4284 2551 4341 extrinsecus
2581 4283 2946 4341 elucescens.

2534 4428 2597 4482 B.
2648 4428 2809 4483 Joan.
2861 4426 3207 4483 Damasceni.

2119 4546 2202 4597 l7.
2237 4542 2769 4612 Quemadmodum,
2807 4544 2982 4600 simul
3014 4548 3191 4616 atque
3223 4543 3376 4617 ignis
3400 4543 3696 4611 est,simul

2046 4632 2250 4688 lumen
2284 4648 2519 4703 quoque
2549 4633 2819 4705 procedit
2849 4649 2919 4689 ex
2968 4650 3057 4703 eo,
3100 4650 3210 4690 nec
3251 4634 3511 4707 primum
3543 4634 3696 4707 ignis

2046 4727 2155 4787 est,
2188 4727 2312 4777 tum
2345 4738 2483 4778 vero
2541 4728 2673 4795 post
2732 4740 2868 4779 eum
2928 4723 3154 4791 lumen,
3218 4723 3320 4780 sed
3370 4717 3545 4780 Simul
3576 4740 3695 4781 una

2045 4816 2221 4866 sunt:
2260 4812 2341 4866 ita
2367 4811 2543 4867 etiam
2576 4813 2750 4867 Pater
2790 4819 2846 4868 et
2869 4812 3050 4867 Filius
3075 4811 3248 4868 simul
3278 4828 3398 4868 una
3428 4818 3605 4880 sunt;
3641 4829 3699 4881 et

2044 4901 2545 4973 quemadmodum
2577 4900 2783 4958 lumen
2816 4903 2974 4973 quod
3007 4918 3077 4956 ex
3108 4902 3241 4975 igne
3288 4918 3523 4973 semper
3556 4918 3694 4958 ena-

2045 4992 2248 5055 scitur,
2299 5008 2535 5063 semper
2565 4992 2625 5046 in
2671 5008 2739 5047 eo
2785 4997 2893 5061 est,
2926 4991 3209 5063 nulloque
3239 5008 3481 5064 prorsus
3514 4989 3691 5046 modo

2042 5082 2114 5137 ab
2172 5081 2277 5137 illo
2336 5081 2688 5154 sejungitur,
2748 5082 2829 5138 ita
2886 5088 2944 5137 et
2995 5080 3176 5137 Filius
3236 5098 3304 5136 ex
3362 5082 3534 5135 Patre
3591 5096 3693 5135 na-

2041 5172 2245 5240 scitur,
2279 5187 2389 5227 nec
2434 5170 2560 5227 ullo
2608 5187 2852 5243 prorsus
2902 5171 3076 5226 modo
3115 5169 3188 5225 ab
3229 5186 3297 5226 eo
3330 5173 3692 5243 segregatur,

2041 5261 2145 5317 sed
2177 5261 2229 5316 ei
2260 5277 2498 5334 semper
2536 5260 2711 5317 inest.
2746 5263 2813 5317 At
2840 5278 2975 5318 vero
3015 5261 3217 5316 lumen
3258 5260 3499 5332 quidem
3530 5260 3690 5332 quod

2042 5366 2115 5405 ex
2158 5351 2290 5423 igne
2330 5351 2412 5406 ita
2440 5349 2710 5422 procedit
2759 5356 2827 5406 ut
2878 5350 2950 5407 ab
3008 5349 3111 5405 illo
3162 5367 3285 5407 non
3343 5349 3603 5417 recedat,
3635 5355 3694 5404 et

2040 5440 2102 5495 in
2155 5456 2223 5497 eo
2284 5457 2519 5515 semper
2573 5446 2833 5509 maneat,
2889 5440 3191 5513 propriam
3241 5438 3587 5512 hypostasin
3621 5436 3693 5494 ab

2038 5530 2292 5604 igneque
2323 5530 2659 5604 sejunctam
2691 5548 2812 5587 non
2835 5530 3034 5599 habet,
3058 5527 3343 5587 naturalis
3366 5528 3526 5586 enim
3558 5543 3699 5600 qua-

345 5691 390 5729 ⁸⁸
420 5691 575 5750 Psal.
605 5705 718 5760 clx,
750 5687 804 5745 3.
880 5685 929 5721 δ’
958 5684 1123 5741 Prov.
1152 5697 1279 5739 vui.
1312 5682 1402 5736 25.
1478 5676 1525 5714 ⁶⁰
1557 5678 1707 5737 Psal.
1742 5697 1909 5755 Lxxx,
1942 5685 1995 5740 9.
2069 5684 2112 5720 ⁶¹
2148 5683 2330 5741 Exod.
2365 5699 2465 5753 xx,
2496 5687 2548 5739 2.
2588 5743 2596 5751 ,
2627 5684 2674 5719 θ’
2700 5686 2869 5749 Joan.
2903 5701 2957 5753 x,
2992 5688 3066 5753 5.,
3154 5746 3158 5755 ,
