4058 6212
377 357 403 416 1
415 349 534 414 423

1695 345 2001 410 ΝῙΟΕΤΕ
2043 343 2474 410 CHONIATIE

3643 353 3802 416 ιω

373 487 513 544 litas
544 491 636 542 est
664 484 852 558 ipsius
874 483 1048 557 ignis.
1079 481 1428 556 Unigenitus
1457 486 1655 539 autem
1686 481 1790 538 Dei
1818 481 2024 551 Filius,
2057 482 2111 550 Α
2138 497 2240 540 sua
2256 483 2321 539 σθ.
2350 481 2642 540 Caeterum
2668 500 2841 557 opera
2874 499 3144 541 manuum
3177 483 3298 556 ejus
3324 486 3536 543 veritas
3571 492 3624 544 et
3641 487 3810 558 judi-

375 577 477 648 qui
508 591 580 631 ex
610 576 782 630 Patre
813 573 895 629 ita
923 572 1154 646 genitus
1186 578 1297 641 est,
1321 579 1387 628 ut
1407 572 1480 628 ab
1502 589 1571 627 eo
1594 571 1856 646 separari
1879 571 2024 628 divi-

375 665 554 738 dique
575 680 696 720 non
726 663 930 736 possit,
957 668 1014 718 et
1038 664 1098 718 in
1121 679 1190 718 eo
1215 679 1450 734 semper
1471 668 1694 725 manet,
1724 661 2026 734 propriam

375 761 436 812 et
463 772 498 811 a
521 757 690 810 Patre
724 756 1058 826 sejunctam
1089 752 1437 824 hypOstasin
1468 751 1666 807 habet.

376 874 510 932 Aliae
540 875 866 930 assertiOnes
915 871 1176 927 adversus
1215 871 1358 926 hanc
1401 871 1743 926 Arianorum
1773 867 2026 934 heresin,

661 945 810 1016 quod
839 944 1084 999 Christus
1129 960 1164 999 a
1216 945 1379 998 Patre
1409 948 1622 998 creatus
1649 943 1740 996 sit.

1037 1063 1193 1118 CAP.
1239 1062 1372 1118 LVI.

373 1183 568 1254 Magni
607 1179 823 1247 Basilii,
879 1181 1034 1246 Quod
1088 1179 1263 1236 Filius
1316 1195 1492 1251 neque
1550 1184 1826 1248 creatura,
1857 1193 2031 1249 neque

978 1257 1300 1323 figmentum
1329 1253 1422 1306 sit.

447 1363 533 1418 18.
567 1361 621 1418 Si
654 1360 835 1417 Filius
867 1365 1140 1416 creatura
1181 1361 1277 1422 sit,
1311 1375 1448 1433 ergo
1481 1365 1539 1416 et
1567 1374 1788 1416 servus.
1819 1355 2034 1414 Omnia

374 1451 557 1520 enim,
589 1451 672 1506 ait
703 1450 824 1520 ille,
883 1449 989 1505 tibi
1044 1449 1312 1520 subjecta
1361 1454 1518 1505 sunt.
1565 1449 1693 1504 Jam
1726 1447 1773 1502 si
1810 1461 2032 1502 servus.

373 1545 658 1614 tanquam
691 1546 963 1596 creatura
996 1540 1092 1608 sit,
1126 1537 1424 1610 quomodo
1458 1538 1605 1594 servi
1645 1537 1902 1594 formam
1932 1551 2028 1591 ac-

373 1629 578 1702 cepit?
629 1629 912 1686 Dominus
957 1643 1095 1700 ergo
1152 1643 1285 1682 cum
1331 1629 1488 1682 esset
1563 1640 1695 1681 eam
1767 1622 2030 1696 accepit:

373 1734 497 1775 non
541 1722 742 1774 autem
799 1733 1024 1786 servus,
1082 1730 1276 1787 neque
1330 1721 1626 1786 creatura,
1658 1712 1763 1770 sed
1791 1711 2034 1770 omnino

373 1807 551 1864 Deus.

946 1911 1206 1982 Ejusdem
1237 1909 1452 1966 Basilii.

447 2023 532 2075 19.
565 2019 622 2075 Si
671 2021 874 2075 nostra
923 2017 985 2072 in
1030 2017 1243 2072 Filium
1298 2016 1444 2072 fides
1489 2034 1638 2090 opus
1669 2017 1770 2074 Dei
1804 2021 1914 2085 est,
1947 2017 2032 2073 ait

373 2110 534 2168 enim
583 2109 724 2164 ille:
779 2110 892 2164 Hoc
935 2113 1014 2163 est
1060 2121 1196 2178 opus
1245 2107 1362 2175 Dei,
1411 2113 1472 2162 ut
1519 2107 1760 2163 credatis
1794 2109 1852 2162 in
1884 2122 2028 2173 eum,

373 2217 534 2274 quem
590 2197 684 2254 ille
737 2198 888 2254 misit
915 2197 1005 2261 ⁶³;
1060 2197 1242 2252 Filius
1301 2213 1430 2252 esse
1489 2214 1609 2253 non
1656 2202 1852 2270 potest
1881 2211 2028 2268 opus

373 2291 498 2347 Dei.
559 2291 704 2344 Nam
761 2287 909 2344 fides
966 2286 1030 2342 in
1085 2285 1299 2342 Filium
1357 2291 1416 2342 et
1472 2286 1656 2342 Filius
1703 2287 1829 2358 ipse
1870 2286 2026 2342 idem

378 2397 500 2437 non
533 2385 692 2436 sunt.

687 2484 946 2554 Theologi
984 2500 1052 2539 ea:
1090 2485 1339 2540 oratione
1367 2487 1420 2550 2,
1453 2484 1520 2539 de
1548 2484 1706 2538 Filio.

443 2599 532 2653 20.
565 2595 735 2654 Illum
767 2609 1002 2666 quoque
1030 2593 1345 2666 Scripturas
1397 2593 1592 2649 locum
1622 2592 1791 2650 valde
1823 2611 2026 2666 prom-

373 2691 543 2759 ptum
589 2690 643 2742 et
702 2683 1043 2756 expeditum
1099 2682 1362 2740 habent:
1409 2683 1666 2739 Dominus
1701 2689 1912 2740 creavit
1943 2700 2026 2739 me

372 2777 596 2832 initium
615 2777 832 2832 viarum
851 2789 1077 2832 suarum
1096 2773 1172 2828 ad
1194 2789 1360 2844 opera
1377 2789 1480 2828 sua
1497 2771 1564 2828 ‘4.
1586 2771 1676 2828 Ad
1699 2789 1877 2846 quem
1903 2773 2026 2845 qui-

373 2867 506 2922 dem
531 2867 729 2923 locum
753 2881 1264 2938 quonam,quseso,
1281 2862 1455 2920 modo
1479 2863 1978 2936 respondebimus
1998 2863 2026 2920 ?

370 2956 459 3012 An
489 2973 626 3012 vero
660 2955 1039 3012 Salomonem
1067 2953 1480 3010 accusabimus
1499 2953 1528 3008 ?
1545 2953 1860 3026 prioraque
1893 2953 2023 3026 ejus

371 3044 613 3117 scripta,
662 3050 904 3117 propter
948 3044 1180 3115 lapsum
1232 3043 1332 3114 qui
1382 3042 1735 3099 subsecutus
1768 3048 1876 3112 est,
1909 3043 2024 3099 im-

368 3135 754 3207 probabimus
771 3133 799 3189 ‘I
817 3133 1170 3190 Dicemusne
1188 3149 1520 3190 sermonem
1535 3133 1691 3188 hunc
1715 3133 2020 3204 sapientia:

2135 573 2343 630 dicium
2360 572 2448 642 7°;
2490 575 2710 646 quibus
2741 575 2814 632 de
2856 576 3052 632 causis
3079 574 3392 632 divinitate
3423 583 3646 634 unctus
3679 585 3804 644 est;

2135 662 2260 720 haec
2291 664 2452 720 enim
2485 666 2686 721 unctio
2719 665 3108 722 humanitatis
3133 673 3246 722 est.
3273 667 3348 721 At
3381 665 3552 722 illud.
3577 677 3806 738 generat

2133 769 2240 821 me,
2273 769 2452 810 causa
2482 759 2679 810 caret:
2715 755 2804 811 vel
2858 755 2906 811 si
2957 772 3076 826 qua
3107 755 3193 811 illi
3226 755 3510 826 adjuncta
3541 758 3642 823 sit,
3674 773 3800 812 eam

2135 843 2415 899 ostendas
2437 845 2581 900 mihi
2607 844 2801 900 velim.
2829 845 3111 911 Quaenam
3135 845 3318 918 igitur
3338 845 3602 902 obstabit
3629 848 3796 916 ratio,

2137 931 2460 1004 quominus
2487 934 2800 1006 sapientia,
2849 933 2941 990 vel
2988 933 3247 990 humana
3291 937 3598 1008 generatio
3630 953 3798 992 crea-

2137 1027 2270 1077 tura
2300 1021 2584 1079 vocetur'i
2615 1031 2672 1079 et
2700 1023 2994 1098 genitura,
3032 1024 3080 1079 si
3131 1025 3342 1096 primm
3373 1023 3537 1081 illius
3577 1025 3792 1082 multo-

2139 1127 2254 1182 que
2287 1112 2472 1185 magis
2503 1113 3016 1187 incomprehensa:
3064 1114 3471 1182 generationis
3512 1115 3652 1170 ratio
3684 1116 3784 1171 ha-

2138 1200 2397 1258 beatur?
2446 1201 2662 1258 Eodem
2710 1203 3091 1260 referendum
3138 1211 3249 1274 est,
3280 1204 3441 1276 quod
3473 1205 3564 1262 ille
3587 1222 3780 1263 servus

2139 1289 2362 1350 audiat.
2396 1291 2615 1364 quippe
2646 1291 2746 1365 qui
2776 1292 2984 1349 multis
3014 1293 3166 1350 bene
3199 1295 3432 1350 serviat.
3457 1295 3602 1350 Item
3636 1295 3780 1368 quod

2140 1381 2217 1436 sit
2248 1396 2516 1453 magnus.
2549 1381 2708 1454 quod
2739 1383 2922 1438 Filius
2969 1383 3072 1439 Dei
3120 1391 3376 1440 vocetur.
3411 1387 3556 1440 Nam
3591 1384 3789 1458 procul

2140 1468 2320 1526 dubio
2347 1487 2524 1526 carne
2555 1479 2860 1544 assumpta
2905 1477 2963 1528 et
3011 1473 3310 1529 nativitate
3340 1473 3578 1530 serviit:
3611 1480 3793 1548 atque

2140 1559 2450 1616 affectibus
2479 1560 2658 1616 etiam
2689 1559 2932 1630 nostris,
2964 1566 3032 1618 ut
3068 1577 3179 1616 nos
3210 1561 3268 1617 in
3299 1561 3640 1618 libertatem
3671 1563 3795 1618 vino

2141 1649 2406 1706 dicaret:
2441 1655 2500 1704 et
2533 1649 2766 1705 caeteris
2797 1649 3097 1719 omnibus,
3139 1667 3390 1723 quorum
3434 1651 3793 1708 intermedio

2140 1757 2242 1795 eos
2273 1739 2373 1812 qui
2413 1745 2656 1812 peccato
2688 1745 2860 1796 erant
2908 1739 3150 1796 obnoxii
3182 1739 3472 1797 liberavit.
3505 1742 3793 1798 Caeterum

2063 1854 2110 1920 Β
2143 1827 2285 1901 quid
2313 1828 2572 1884 hominis
2602 1827 2811 1884 vilitati
2844 1828 3040 1900 majus
3067 1828 3335 1885 accidere
3367 1830 3581 1903 potuit,
3615 1846 3790 1903 quam

2141 1925 2207 1975 ut
2239 1919 2356 1974 Deo
2387 1918 2867 1992 conjungeretur,
2903 1924 2962 1974 et
2993 1932 3062 1974 ea
3088 1935 3160 1974 ex
3191 1918 3618 1992 conjunctione
3642 1921 3790 1976 Deus

2141 2008 2439 2068 evaderet.
2467 2013 2645 2080 atque
2691 2007 2764 2064 ab
2797 2007 3038 2064 Oriente
3069 2008 3190 2065 alto
3230 2009 3313 2064 ita
3344 2009 3699 2075 visitaretur,
3727 2015 3792 2065 ut

2141 2099 2299 2171 quod
2330 2105 2680 2155 nasceretur
2709 2105 2998 2164 sanctum,
3032 2097 3324 2154 Altissimi
3357 2100 3538 2156 Filius
3565 2099 3790 2157 dicere-

2141 2194 2273 2244 tur:
2338 2187 2543 2260 illique
2601 2205 2821 2244 nomen
2875 2187 3204 2254 inderetur,
3264 2189 3414 2260 quod
3469 2195 3557 2244 est
3609 2206 3785 2262 super

2141 2294 2317 2334 omne
2348 2294 2592 2346 nomen,
2619 2278 2777 2350 quod
2805 2277 3051 2349 quidem
3073 2277 3238 2334 aliud
3257 2277 3393 2332 nihil
3413 2283 3520 2334 est.
3541 2287 3772 2351 praeter-

2138 2382 2316 2438 quam
2373 2367 2551 2435 Deus,
2610 2366 2818 2438 illique
2877 2366 3024 2422 adeo
3082 2383 3191 2440 pro
3250 2365 3415 2421 nobis
3457 2367 3769 2431 exinanito,

2137 2457 2358 2530 quippe
2388 2456 2489 2528 qui
2523 2454 2782 2512 divinam
2836 2455 3157 2529 imaginem
3203 2471 3344 2511 cum
3374 2455 3567 2510 servili
3596 2459 3782 2512 torma

2136 2551 2564 2621 conjunxisset,
2617 2565 2795 2604 omne
2841 2565 2998 2620 genu
3074 2547 3436 2612 ﬂecteretur,
3505 2547 3779 2620 omnique

2137 2638 2340 2694 domui
2395 2637 2649 2706 lsraelis,
2709 2653 2846 2694 eum
2903 2653 2938 2694 a
2995 2637 3112 2692 Deo
3171 2637 3488 2692 Dominum
3519 2644 3581 2692 et
3605 2638 3782 2692 Deum

2135 2728 2356 2785 factum
2388 2743 2517 2784 esse
2571 2726 3024 2784 innotesceret?
3078 2725 3382 2798 Siquidem
3431 2725 3564 2782 hmc
3591 2727 3787 2782 omnia

2137 2822 2262 2874 tum
2293 2817 2474 2891 geniti
2499 2831 2702 2890 opera,
2728 2821 2858 2874 tum
2887 2815 3176 2889 genitoris
3197 2814 3500 2873 voluntate
3530 2816 3788 2888 perfecta

2139 2913 2300 2966 sunt.

2739 3013 2930 3071 Sancti
2960 3013 3092 3084 Cyri
3099 3013 3180 3070 lli.

2203 3128 2292 3183 2t.
2355 3125 2455 3182 His
2513 3141 2688 3199 porro
2748 3123 2981 3181 verbis:
3051 3124 3122 3180 Et
3173 3122 3485 3180 Dominum
3543 3139 3680 3181 eum
3731 3131 3780 3181 et

369 3225 633 3294 attribui,
693 3241 824 3296 quas
871 3223 1025 3279 nihil
1080 3223 1242 3279 aliud
1303 3223 1398 3292 sit,
1459 3239 1636 3295 quam
1690 3223 1940 3278 scientia
1965 3228 2023 3278 et
2060 3214 2428 3304 CChristum
2493 3215 2646 3272 Deus
2703 3212 2862 3281 fecit.
2938 3212 3263 3304 dominam?
3323 3213 3386 3268 in
3443 3214 3644 3270 omnia
3682 3231 3774 3304 f8-

369 3314 692 3368 artiticiosa
721 3314 1016 3385 quaepiam
1075 3313 1246 3379 ratio,
1280 3330 1398 3386 qua
1445 3319 1660 3370 euncta
1699 3314 2024 3369 constituta
2073 3302 2090 3304 ⁷
2133 3322 2435 3379 suumque
2474 3304 2856 3378 designatur:
2916 3302 3077 3374 quod
3117 3302 3358 3375 quidem
3425 3305 3595 3360 Pater
3633 3303 3765 3358 Filio

371 3403 509 3455 sunt
527 3399 556 3454 ‘2
573 3401 870 3470 Siquidem
893 3401 1194 3470 Scriptura
1215 3418 1321 3472 per
1341 3402 1814 3474 prosopopmiam
1849 3403 2028 3458 mutis

371 3488 550 3544 etiam
577 3486 754 3542 rebus
785 3487 1153 3558 loquentium
1179 3505 1464 3558 personas
1488 3506 1608 3545 non
1632 3507 1763 3546 raro
1793 3509 2029 3548 accom-

371 3575 616 3634 modare
656 3575 826 3645 solet,
857 3580 945 3637 ut.
974 3574 1133 3630 verbi
1163 3575 1389 3648 gratia:
1444 3579 1597 3633 Mare
1629 3579 1778 3635 dixit
1810 3581 1934 3636 haec
1968 3587 2028 3637 et

372 3667 537 3736 haec;
572 3670 630 3722 et
677 3665 924 3738 abyssus
971 3664 1152 3722 dixit:
1210 3667 1277 3721 1η
1332 3681 1417 3721 me
1443 3682 1554 3722 non
1610 3674 1690 3722 est
1709 3667 1776 3726 ⁸⁸.
1827 3671 2019 3726 Item:

373 3758 508 3813 Caeli
554 3761 818 3812 enarrant
873 3754 1112 3824 gloriam
1169 3755 1351 3811 Dei“.
1408 3757 1554 3812 Item
1603 3756 1721 3813 alio
1763 3757 2021 3830 quodam

362 3845 492 3904 loco
513 3845 752 3902 frameae
777 3844 978 3900 nescio
1004 3843 1147 3917 quid
1169 3844 1500 3919 injungitur
1513 3844 1578 3900 ⁸⁷.
1614 3847 2020 3915 ttem,montes

362 3941 422 3994 et
445 3935 628 3993 colles
650 3935 1113 4008 interrogantur,
1137 3935 1230 3992 cui
1255 3935 1761 3993 exsultaverint".
1795 3938 2016 3996 Horum

360 4041 538 4098 porro
567 4025 723 4082 nihil
753 4025 815 4080 in
869 4024 1135 4081 modium
1185 4025 1592 4098 producimus,
1627 4027 1954 4099 quamlibet
1982 4045 2018 4085 δ.

357 4117 656 4188 majorum
683 4119 1025 4170 nostrorum
1056 4114 1383 4180 nonnullis,
1411 4119 1692 4188 tanquam
1725 4117 1898 4174 firma
1917 4133 2016 4174 ar-

353 4208 640 4278 gumenta
669 4203 974 4274 proposita
1003 4203 1142 4258 sint.
1195 4203 1279 4260 Sit
1307 4219 1444 4277 ergo
1496 4220 1638 4260 sane
1689 4205 2013 4262 Servatoris

351 4293 560 4366 ipsius,
596 4292 698 4366 qui
757 4307 894 4348 vera
942 4292 1234 4365 sapientia
1280 4299 1390 4362 est,
1443 4294 1653 4350 oratio.
1687 4296 2014 4368 Parumper

349 4387 551 4440 tamen
573 4379 978 4456 diSpiciamus.
1000 4383 1280 4449 Quaenam
1303 4400 1398 4439 res
1419 4390 1530 4452 est,
1553 4383 1648 4440 cui
1671 4384 1838 4441 nulla
1859 4385 2007 4442 sub-

347 4472 425 4529 sit
445 4473 669 4530 causa?
701 4471 1004 4529 Divinitas.
1047 4472 1255 4528 Nullus
1297 4473 1458 4528 enim
1493 4479 1602 4541 est,
1633 4473 1735 4546 qui
1767 4490 2006 4532 causam

351 4563 564 4618 ati‘erre
598 4567 796 4634 queat,
831 4578 937 4617 cur
968 4561 1046 4617 sit
1075 4562 1265 4620 Deus:
1301 4567 1403 4618 aut
1449 4563 1496 4618 si
1546 4563 1730 4620 ullam
1775 4565 2004 4642 aﬂ‘erat,

349 4667 420 4709 ea
448 4651 566 4708 Deo
598 4651 900 4723 antiquior
917 4652 992 4707 sit
1025 4655 1368 4726 oportet.At
1395 4654 1998 4729 humanitatis,quam

343 4748 660 4821 propterea
690 4743 1013 4816 assumpsit
1041 4746 1195 4802 Deus
1225 4763 1404 4803 causa
1431 4763 1707 4818 quaenam
1734 4747 1890 4805 fuit?
1920 4750 2001 4806 Ea

340 4849 605 4910 prorsus,
656 4839 722 4890 ut
779 4851 886 4892 nos
938 4843 1232 4892 servaret:
1285 4852 1426 4892 nam
1476 4853 1606 4909 quas
1656 4839 1844 4910 possit
1885 4839 2003 4896 alia

338 4923 632 4998 proferri?
673 4923 821 4991 Quia
867 4941 1006 5000 ergo
1062 4927 1174 4982 hoc
1205 4925 1270 4982 in
1314 4925 1630 4998 Scripturas
1663 4925 1792 4984 loco
1824 4929 2001 4987 verba

339 5021 547 5071 creavit
577 5021 628 5070 et
647 5020 874 5087 generat
905 5032 986 5070 me
1017 5016 1331 5089 perspicua
1360 5015 1713 5072 invenimus.
1745 5017 1997 5091 simplex

338 5104 492 5160 ratio
523 5105 630 5158 est.
665 5103 962 5176 Quidquid
995 5121 1235 5162 causam
1273 5105 1496 5161 habere
1529 5105 1995 5178 deprehenderi-

339 5192 570 5262 mus,id
594 5209 728 5250 vero
753 5193 827 5250 ad
848 5194 1279 5250 humanitatem
1305 5210 1678 5251 revocamus:
1704 5196 1994 5269 quidquid

336 5291 533 5340 autem
562 5283 816 5356 simplex
835 5300 1132 5356 causaque
1153 5301 1381 5353 carens,
1410 5283 1700 5340 divinitati
1733 5286 1995 5344 ascriba-

339 5383 473 5426 mus
499 5374 700 5446 Itaque
732 5374 906 5430 verbo
937 5379 1146 5432 creavit
1201 5393 1308 5434 sua
1351 5377 1506 5432 inest
1563 5393 1760 5434 causa.
1796 5379 1993 5453 lnquit

339 5459 535 5512 enim:
571 5461 782 5520 ereavit
822 5482 906 5521 me
952 5467 1175 5523 initium
1221 5469 1438 5524 viarum
1467 5482 1692 5524 suarum
1722 5470 1798 5526 ad
1825 5486 1991 5544 Opera

401 5605 452 5644 63
478 5607 770 5687 Joanuvi,
804 5619 890 5670 29.
959 5617 1026 5651 ἐδ
1059 5618 1223 5676 Prov.
1260 5637 1377 5687 vm,
1409 5625 1498 5676 22.

329 5698 486 5755 cxm,
522 5679 576 5735 4.

663 5629 770 5688 “vi,
804 5621 890 5670 29.
959 5621 1026 5651 ’⁵⁸
1059 5621 1223 5676 Prov.
1260 5637 1377 5687 vm,
1409 5625 1498 5676 22.
1593 5621 1640 5658 ⁸⁸
1667 5621 1800 5678 Job.
1842 5640 2038 5686 xxvm.
2073 5625 2160 5682 ll.

653 5680 700 5712 ’⁵³
729 5685 894 5742 Prov.
937 5703 1052 5752 Vill,
1086 5692 1173 5744 29.
1249 5691 1298 5727 ’⁸ο
1328 5680 1480 5750 Psal.
1516 5710 1606 5762 cx,
1641 5697 1695 5750 7.
1773 5695 1814 5734 ⁷³
1853 5680 2076 5754 Coloss.
2113 5680 2157 5767 1,
2187 5700 2274 5755 t5.

2135 3399 2414 3466 tanquam
2460 3393 2687 3450 homini
2734 3391 3072 3450 commisit:
3125 3398 3186 3448 at
3231 3407 3357 3448 non
3415 3393 3544 3466 ejus
3595 3391 3774 3464 ipsius

2132 3489 2362 3541 naturae
2393 3483 2593 3540 factio.

2689 3589 2947 3663 Ejusdem
2997 3588 3217 3661 Cyrilli.

2197 3701 2286 3753 22.
2328 3697 2385 3754 Si
2417 3704 2700 3770 tanquam
2734 3697 2887 3754 Deus
2918 3696 3204 3753 dixisset:
3255 3697 3514 3754 Dominus
3569 3700 3768 3754 creavit

2125 3803 2232 3853 me,
2263 3787 2459 3860 potius
2484 3787 2770 3844 dixisset:
2812 3787 2985 3842 Pater
3038 3786 3261 3843 creavit
3308 3801 3424 3843 me.
3472 3786 3767 3858 Nusquam

2126 3875 2286 3934 enim
2313 3891 2450 3935 eum
2491 3875 2807 3934 Dominum
2837 3891 3032 3940 suum,
3067 3875 3176 3932 sed
3204 3877 3420 3932 Patrem
3453 3879 3628 3930 vocat.

2701 3993 2960 4065 Ejusdem
2991 3993 3214 4066 Cyrilli.

2190 4102 2280 4157 23.
2315 4100 2373 4156 Si
2403 4102 2546 4174 quia
2583 4099 3014 4176 primogenitus
3058 4104 3346 4157 creaturas
3378 4097 3566 4154 dictus
3595 4099 3768 4158 est".

2118 4189 2259 4246 inde
2289 4188 2690 4264 colligendum
2723 4190 2820 4256 sit,
2861 4189 3120 4263 primum
3154 4205 3286 4246 eum
3320 4193 3583 4246 creatum
3616 4203 3770 4256 esse,

2118 4278 2218 4352 qui
2251 4277 2470 4336 factum
2492 4284 2583 4334 est
2601 4285 2663 4336 ut
2685 4294 2807 4335 non
2829 4278 3041 4335 dixerit
3063 4277 3383 4351 Apostolus
3407 4293 3539 4335 eum
3562 4280 3776 4336 factum

2116 4386 2244 4427 esse
2276 4375 2412 4426 ante
2443 4369 2776 4432 omnia,sed
2824 4369 3020 4443 potius
3059 4385 3190 4426 esse
3237 4375 3378 4426 ante
3406 4367 3656 4424 omnia?
3689 4371 3772 4425 Eo

2115 4459 2276 4515 enim
2307 4459 2466 4532 quod
2496 4475 2627 4516 esse
2658 4457 2824 4523 dixit,
2860 4459 3018 4515 hunc
3065 4458 3311 4532 quidem
3345 4473 3584 4532 semper
3618 4474 3778 4526 esse,

2114 4555 2446 4606 creaturam
2472 4563 2612 4606 vero
2639 4547 2852 4606 factam
2880 4564 3010 4605 esse
3034 4547 3536 4621 ostendit.ltaque
3555 4548 3788 4620 primo-

2113 4638 2348 4710 genitus
2374 4637 2572 4694 omnis
2613 4645 2901 4695 creatura:
2957 4636 3151 4694 dictus
3209 4643 3318 4702 est,
3353 4653 3460 4694 seu
3489 4637 3792 4710 primitim

2108 4744 2274 4785 novas
2377 4731 2686 4797 creaturae,
2801 4727 3031 4784 ratione
3141 4725 3537 4784 humanitatis
3645 4725 3794 4797 ejus

2107 4817 2331 4886 habita,
2363 4817 2584 4892 quippe
2615 4817 2716 4893 qui
2766 4817 2843 4873 sit
2887 4816 3157 4894 corporis
3187 4814 3470 4874 Ecclesia
3497 4814 3794 4875 ﬁdelium

2107 4915 2304 4983 caput.
2523 4903 2528 4907 ’

2674 4998 2939 5071 Ejusdem
2969 4995 3188 5070 Cyrilli.

2175 5118 2264 5173 24.
2299 5116 2482 5174 Filius
2513 5117 2945 5192 primogenitus
2969 5117 3166 5173 omnis
3183 5115 3472 5190 geniturae
3497 5121 3806 5184 vocatur,

2103 5221 2222 5263 non
2270 5211 2556 5279 tanquam
2596 5207 2822 5279 primus
2865 5207 2950 5263 eis
2995 5212 3264 5279 tempore
3321 5205 3522 5268 fuerit.
3570 5223 3810 5280 neque

2102 5294 2261 5367 quod
2293 5295 2500 5352 eadem
2534 5313 2670 5354 cum
2701 5295 2990 5352 creaturis
3021 5295 3356 5352 substantia
3386 5301 3657 5356 constet.
3683 5299 3816 5354 sed

2101 5384 2243 5456 quia
2271 5401 2333 5460 se
2365 5385 2438 5442 ad
2471 5391 2773 5442 creaturas
2819 5383 3144 5452 demiserit,
3176 5383 3560 5456 similemque
3598 5386 3820 5446 nobis

2102 5489 2164 5531 se
2195 5474 2422 5532 fecerit.
2453 5475 2602 5534 lllud
2651 5481 2853 5533 tamen
2903 5474 3311 5533 observatione
3361 5473 3625 5549 dignum
3673 5485 3823 5578 est.

2255 5627 2300 5663 °°
2329 5627 2486 5685 Psal.
2519 5644 2672 5697 xxln,
2706 5631 2759 5684 2.
2849 5627 2895 5664 ⁸⁷
2929 5628 3171 5685 Zachar.
3217 5644 3336 5694 xm,
3373 5629 3428 5683 ‘7.
3525 5628 3579 5664 ⁸³
3621 5631 3826 5690 Psal.
