4090 6192
321 359 477 422 1425

1669 353 2064 417 THESAUBI
2107 355 2255 417 LIB.
2305 355 2379 414 V.

3583 361 3736 420 1426

324 511 457 552 eum
487 491 864 566 unigenitum
893 497 952 548 et
981 491 1446 565 primogenitum
1487 490 1702 548 vocari.
1738 491 1977 557 Quoties
2006 494 2064 559 A
2095 490 2324 556 Quanto
2386 491 2545 547 enim
2595 490 2881 547 creaturis
2949 492 3331 547 excellentior
3401 499 3490 548 est
3557 495 3732 563 Deus,

324 603 458 658 ergo
493 583 835 658 unigenitus
899 591 1156 638 vocatur.
1191 581 1353 638 nulla
1403 583 1455 638 ei
1515 598 1746 638 annexa
1802 597 1978 636 causa

324 691 440 745 qua
471 676 550 728 sit
575 673 940 746 unigenitus.
967 677 1362 744 praeterquam
1398 671 1552 743 quod
1587 670 1854 726 absolute
1887 669 1978 722 di-

321 766 476 820 citur
499 766 650 820 Deus
682 762 1050 833 unigenitus,
1083 763 1184 833 qui
1218 768 1306 817 est
1338 762 1398 817 in
1441 763 1575 818 sinu
1599 760 1974 824 Patris.Quo-

319 855 430 910 ties
463 871 596 910 vero
622 852 899 908 eumdem
944 869 1124 906 sacra:
1150 852 1468 924 Scriptura:
1511 851 1974 923 primogenitum

317 951 545 999 vocant.
582 949 779 998 stat-m
830 958 1066 1013 quoque
1118 942 1381 997 inferunt
1443 956 1838 1012 quorumnam
1899 938 1974 992 sit

316 1033 773 1106 primogenitus,
807 1047 1166 1102 causamque
1215 1032 1488 1086 afferunt.
1524 1035 1764 1101 propter
1796 1044 1972 1098 quam

316 1123 427 1178 hoc
481 1139 717 1194 quoque
747 1121 1102 1193 cognomine
1143 1120 1417 1176 donetur.
1469 1119 1752 1190 lnquiunt
1787 1117 1969 1184 enim,

313 1214 651 1282 Primngenit
666 1229 728 1268 us
759 1215 817 1266 in
841 1212 1024 1267 multis
1042 1213 1314 1280 fratribus
1345 1211 1413 1276 ⁷³,
1460 1217 1510 1265 et
1565 1210 1971 1280 primogenitus

315 1319 384 1358 ac
419 1305 648 1358 mortuis
667 1301 734 1358 7‘.
771 1301 946 1372 Atqui
993 1301 1424 1373 primogenitus
1456 1300 1696 1372 quidem
1720 1299 1782 1354 in
1813 1297 1971 1354 mul-

313 1391 389 1447 tis
423 1391 702 1448 fratribus
735 1397 998 1455 vocatur,
1035 1397 1332 1462 quatenus
1373 1391 1544 1446 nobis
1576 1389 1792 1445 similis
1826 1389 1967 1444 effe—

318 1488 446 1536 ctus
475 1488 566 1536 est
588 1481 824 1553 dempto
847 1486 1536 1552 peccato,assumptaque
1568 1495 1745 1536 carne
1766 1486 1967 1534 nostra

310 1571 555 1625 fratrem
577 1586 638 1625 se
668 1578 938 1625 nostrum
971 1569 1127 1624 fecit.
1181 1569 1612 1641 Primogenitus
1665 1575 1859 1623 autem
1897 1584 1963 1622 ex

309 1660 583 1724 mortuis,
617 1661 756 1732 quia
776 1660 1002 1731 primus
1027 1661 1150 1732 ipse
1171 1677 1410 1715 carnem
1440 1676 1606 1716 suam
1636 1659 1960 1715 exsuscita-

308 1752 384 1805 vit
413 1751 487 1806 ad
521 1751 1051 1822 incorruptionem,
1082 1751 1470 1821 eamdemque
1503 1750 1731 1820 primus
1763 1750 1822 1803 in
1854 1766 1963 1803 cm-

309 1839 395 1895 los
448 1839 704 1894 induxit.
760 1839 920 1895 Unde
953 1839 1053 1901 ait,
1111 1843 1228 1908 Ego
1258 1855 1376 1894 sum
1423 1838 1516 1893 via
1545 1840 1613 1895 ".
1646 1840 1812 1898 ltem.
1847 1840 1958 1906 Ego
1995 1839 2035 1902 Β

309 1946 427 1985 sum
488 1927 775 1987 ostium“.
841 1930 950 1984 P8P
1015 1944 1149 1983 eum
1211 1928 1366 1982 enim
1418 1935 1631 1982 natura
1700 1927 1958 1982 humana

315 2034 526 2072 novam
588 2018 1038 2073 resurrectionis
1099 2017 1373 2072 insistere
1415 2018 1565 2071 viam
1599 2015 1869 2084 docetur,
1901 2021 1958 2070 et

321 2107 821 2180 quemadmodum
855 2125 960 2179 per
979 2108 1196 2164 ostium
1219 2105 1518 2179 quoddam
1549 2107 1609 2161 in
1628 2105 1819 2177 ipsum
1843 2122 1959 2160 cce-

317 2197 439 2254 lum
475 2198 818 2270 ingreditur.

883 2319 1138 2390 Ejusdem
1171 2317 1388 2388 Cyrilli.

381 2437 469 2489 55-
506 2433 761 2489 Verbum
788 2431 1166 2505 -{tvscozi.hoc
1198 2439 1284 2488 est
1317 2432 1446 2486 fieri
1474 2430 1562 2487 vel
1596 2430 1822 2500 esse,de
1844 2431 1960 2485 Deo

316 2525 496 2580 etiam
528 2526 700 2579 Patre
724 2523 945 2578 dictum
988 2524 1429 2590 invenimus,ut
1465 2521 1622 2593 apud
1646 2520 1919 2577 Davidem

313 2615 437 2669 Esto
469 2615 608 2668 mihi
659 2617 719 2667 in
777 2614 948 2667 Deum
999 2619 1367 2682 pratectorem
1396 2609 1464 2663 τα.
1531 2611 1721 2666 Item:
1769 2612 1964 2664 Factus

314 2719 368 2757 es
397 2702 537 2757 mihi
567 2705 622 2756 in
654 2701 887 2758 salutem
916 2699 982 2755 ⁷⁷.
1037 2701 1206 2772 Apud
1261 2699 1603 2773 Apostoluin
1665 2717 1822 2764 vero,
1883 2701 1965 2754 Sit

313 2809 484 2861 porro
520 2792 654 2847 Deus
675 2808 846 2846 verna:
873 2789 938 2860 ⁷⁸,
974 2795 1147 2846 omnis
1176 2798 1357 2846 autem
1406 2791 1565 2846 homo
1629 2791 1867 2845 mendax
1896 2787 1964 2845 τ’.

316 2881 371 2935 Si
407 2897 542 2952 ergo
578 2880 1041 2952 Pater,quamvis
1071 2886 1370 2951 protector
1394 2881 1494 2936 fiat
1520 2886 1577 2935 et
1603 2896 1966 2947 verax,crea-

319 2976 451 3024 tura
483 2977 680 3025 tamen
715 2987 831 3025 non
856 2977 963 3036 est,
998 2976 1157 3026 certe
1189 2987 1384 3042 neque
1411 2971 1615 3030 Filius.
1638 2969 1907 3042 quamvis
1935 2986 1969 3024 a

319 3061 491 3115 Patre
521 3059 694 3116 nobis
752 3060 1066 3131 sapientia.
1109 3059 1498 3117 sanctiﬁcatio
1552 3065 1607 3114 et
1639 3059 1966 3131 redemptio

316 3148 506 3205 factus
531 3149 627 3218 sit,
661 3156 932 3206 creatura
964 3150 1093 3205 erit.

888 3266 1149 3338 Ejusdem
1175 3267 1391 3337 Cyrilti.

386 3385 473 3438 26.
508 3383 652 3438 Cum
708 3385 946 3439 Patrem
992 3383 1140 3438 Filio
1169 3383 1447 3439 essentise
1469 3397 1711 3438 causam
1745 3381 1963 3438 factum

318 3491 446 3530 esse
477 3473 694 3538 dicitis,
730 3491 986 3546 quanam
1035 3491 1214 3530 causa
1261 3474 1318 3529 id
1370 3474 1624 3529 dicitis?
1664 3489 1739 3528 an
1789 3489 1966 3530 causa

318 3565 635 3620 creationis
659 3563 687 3619 ?
719 3565 893 3635 Atqui
913 3567 1086 3619 Pater
1107 3564 1232 3635 ipse
1264 3563 1415 3619 dixit
1445 3564 1496 3619 ei
1521 3581 1533 3619 :
1566 3565 1650 3619 Ea:
1670 3571 1824 3620 utero
1839 3571 1966 3620 ante

319 3656 631 3722 Luciferum
659 3656 827 3724 genui
857 3653 1010 3719 te”;
1045 3661 1318 3725 superest
1347 3671 1484 3727 ergo
1517 3660 1582 3708 ut
1611 3671 1788 3710 causa
1848 3671 1966 3726 qua

321 3745 494 3798 Pater
551 3748 640 3798 est
680 3743 738 3798 id
779 3743 1009 3800 dicatis.
1057 3743 1218 3798 Unde
1275 3744 1547 3814 sequitur
1580 3743 1790 3799 Filium
1845 3760 1962 3800 non

321 3839 672 3898 creaturam,
699 3832 802 3888 sed
834 3831 1159 3888 naturalem
1181 3833 1393 3888 Filium
1419 3849 1567 3890 esse.

392 3949 650 4019 Theologi
670 3967 739 4004 ea:
769 3953 1020 4005 oratione
1049 3966 1231 4005 coram
1271 3951 1353 4004 CL
1378 3951 1650 4022 episcopis
1678 3950 1890 4004 habita.

395 4065 481 4116 27.
515 4064 796 4118 Creatura
825 4062 1065 4130 quidem
1099 4062 1198 4115 Dei
1234 4061 1484 4126 dicatur,
1518 4062 1813 4131 siquidem
1845 4077 1963 4116 ma-

322 4169 500 4225 gnum
535 4150 706 4206 nobis
731 4156 787 4205 et
818 4150 927 4204 hoc
950 4155 1057 4205 est.
1102 4151 1254 4202 Deus
1283 4153 1482 4202 autem
1529 4149 1695 4203 nullo
1747 4149 1921 4204 modo
1948 4165 1962 4205 :

319 4248 478 4298 certe
505 4248 648 4295 tunc
705 4238 1013 4294 admittam
1055 4244 1386 4292 creaturam
1428 4254 1558 4293 esse
1592 4239 1793 4304 Deum,
1831 4255 1965 4294 cum

320 4346 455 4404 ergo
489 4345 724 4402 quoque
757 4328 992 4400 proprie
1040 4328 1204 4382 fuero
1239 4327 1410 4382 Deus.
1450 4327 1546 4384 Sic
1591 4327 1753 4384 enim
1778 4346 1838 4386 se
1872 4345 1966 4385 res

320 4421 516 4476 habet.
559 4420 614 4474 Si
674 4419 914 4489 quidem
968 4419 1117 4472 Deus
1148 4422 1542 4476 est.creatura
1570 4434 1691 4473 non
1723 4424 1834 4487 est,
1857 4435 1966 4474 no-

321 4509 551 4565 biscum
586 4506 874 4578 enimqui
897 4507 978 4561 dii
1003 4523 1123 4562 non
1145 4513 1652 4573 sumus,creatura
1683 4509 1964 4574 est.Quod

323 4600 370 4656 si
407 4605 678 4655 creatura
701 4604 810 4665 est,
843 4598 992 4653 Deus
1016 4613 1135 4652 non
1167 4603 1274 4652 est.
1299 4597 1486 4669 Cmpit
1531 4597 1689 4654 enim
1723 4599 1786 4654 in
1830 4605 1974 4655 tem-

324 4705 510 4762 pore:
559 4687 717 4760 quod
758 4704 932 4758 porro
982 4687 1179 4758 cmpit,
1231 4692 1320 4742 est
1379 4687 1616 4758 quando
1674 4705 1791 4744 non
1839 4689 1969 4746 fuit.

323 4781 614 4835 Caeterum
642 4777 701 4832 id
733 4777 1018 4849 quoillud
1041 4793 1160 4832 non
1184 4776 1317 4845 fuit,
1351 4776 1660 4848 antiquius
1690 4783 1802 4842 est,
1835 4794 1970 4833 cum

322 4869 560 4940 proprie
592 4884 712 4922 non
745 4867 950 4938 sitqui
986 4867 1111 4922 ﬁeri
1136 4872 1329 4937 potest
1356 4873 1423 4922 ut
1445 4867 1522 4920 sit
1549 4867 1743 4922 Deus?
1770 4868 1970 4925 Trium

324 4957 721 5031 ergo[sanctaa
743 4955 1047 5012 Trinitatis
1074 4954 1484 5027 personarum]
1505 4955 1670 5012 nulla
1701 4962 1974 5014 creatura

324 5054 428 5104 est.
467 5063 662 5118 neque
695 5046 854 5118 quod
886 5061 953 5100 eo
987 5044 1249 5100 deterius
1282 5051 1642 5117 est.propter
1671 5062 1766 5101 me
1795 5047 1970 5115 facta,

319 5153 394 5193 ne
439 5137 632 5192 solum
673 5141 947 5192 creatura
995 5134 1094 5196 sit,
1137 5151 1340 5190 verum
1401 5135 1579 5190 etiam
1613 5135 1785 5191 nobis
1815 5135 1975 5209 abje-

316 5227 482 5282 otior.
517 5226 664 5281 Nam
685 5226 734 5280 si
767 5242 871 5298 ego
903 5226 964 5280 in
995 5225 1285 5280 honorem
1319 5224 1419 5279 Dei
1453 5224 1643 5281 factus
1674 5241 1830 5294 sum,
1862 5225 1973 5283 illa

319 5333 453 5373 vero
497 5323 737 5389 pr0pter
791 5333 907 5386 me,
939 5321 1098 5370 certe
1129 5314 1323 5370 orbita
1352 5323 1598 5388 propter
1623 5332 1886 5382 currum,
1918 5323 1978 5374 et

322 5425 457 5464 sera
521 5415 766 5481 propter
816 5406 1036 5463 ostium
1101 5405 1256 5461 facta
1319 5412 1430 5462 est.
1518 5406 1695 5462 Vinco
1773 5425 1972 5464 causa.

390 5562 438 5601 ⁷³
468 5565 634 5622 Rom.
694 5578 808 5634 vin,
859 5561 948 5616 29.
1025 5558 1072 5596 ⁷³
1128 5557 1585 5634 (ἰριοεελᾷιζίθ.

326 5655 488 5703 cit-vn,
552 5639 638 5693 14.
715 5629 982 5690 ’³⁸⁷Βοω.
1047 5649 1122 5702 in,
1186 5633 1236 5688 4.
1339 5629 1387 5664 το
1447 5631 1600 5687 Psal.
1654 5647 1780 5699 cxv,
1842 5637 1924 5688 11.

323 5709 372 5746 ⁸³
395 5713 538 5769 Gen.
583 5724 624 5778 ι,
657 5709 746 5768 26.

1665 5559 1712 5593 τ⁴
1765 5560 1928 5616 Joan.
1985 5576 2100 5628 xw,
2160 5563 2213 5616 6.
2291 5559 2339 5595 ⁷⁵
2392 5559 2557 5616 .loan.
2618 5576 2672 5625 χ,
2727 5560 2782 5613 9.

2004 5632 2048 5669 ⁸ο
2103 5632 2253 5702 Psal,
2313 5647 2421 5700 cxx,
2481 5635 2531 5688 3.

2084 587 2251 636 tanto
2307 581 2365 637 id
2412 599 2502 638 me
2558 582 2704 655 ipso.
2747 583 2846 653 qui
2905 589 3147 653 propter
3215 584 3396 638 Deum
3453 585 3731 643 subsisto.

2086 671 2403 743 ignobilius
2464 672 2538 727 sit
2596 678 2846 743 oportet,
2898 672 3055 743 quod
3101 681 3340 745 propter
3387 691 3481 730 me
3515 676 3732 732 factum

2086 767 2192 816 est.

2741 878 3076 934 Damascem.

2153 995 2239 1047 28.
2274 994 2785 1058 Quemadmodum
2818 995 3011 1067 ignem
3047 995 3268 1050 lumine
3302 995 3459 1067 quod
3490 997 3562 1052 ab
3593 997 3721 1070 ipso

2080 1084 2348 1154 procedit
2378 1083 2576 1140 lucere
2611 1085 2884 1153 dicimus,
2920 1103 3029 1140 nec
3082 1085 3283 1141 lumen
3316 1085 3387 1141 ab
3419 1087 3551 1158 igne
3584 1105 3725 1160 pro-

2080 1172 2298 1229 cedens
2324 1173 2785 1230 instrumentum
2810 1192 2938 1231 esse
2971 1176 3286 1230 statuimus
3310 1177 3603 1248 quodigni
3621 1176 3726 1232 de-

2081 1266 2314 1333 serviat,
2341 1271 2441 1320 sed
2467 1268 2660 1337 potius
2684 1267 3016 1322 naturalem
3049 1283 3178 1322 esse
3213 1267 3552 1323 facultatem
3586 1285 3722 1340 pro-

2077 1353 2426 1421 ﬁtemur,ita
2475 1361 2532 1410 et
2583 1357 2814 1410 Patrem
2864 1373 3236 1428 quaecunque
3283 1357 3420 1428 agit,
3485 1373 3554 1412 ea
3617 1375 3722 1429 per

2074 1446 2442 1517 unigenitum
2467 1445 2681 1499 Filium
2708 1462 2881 1500 suum
2916 1463 3087 1518 agere
3133 1446 3409 1517 dicimus,
3434 1463 3553 1501 non
3587 1453 3716 1502 tan-

2074 1549 2252 1605 quam
2279 1536 2481 1607 organi
2538 1536 2924 1605 adminiculo,
2949 1537 3054 1592 sed
3106 1537 3365 1591 naturali
3418 1543 3477 1591 et
3516 1554 3619 1608 per
3655 1553 3718 1592 se

2072 1623 2430 1678 subsistente
2457 1625 2743 1694 potentia.
2777 1626 2846 1678 Et
2877 1625 3376 1696 quemadmodum
3411 1626 3606 1698 ignem
3636 1625 3720 1682 lu-

2069 1728 2202 1768 cere
2252 1712 2530 1776 dicimus,
2573 1714 2811 1782 viceque
2861 1731 3026 1769 versa
3064 1715 3264 1768 lumen
3320 1715 3467 1784 ignis
3517 1715 3716 1770 lucere

2068 1801 2509 1871 astruimus,ita
2531 1802 2709 1858 etiam
2743 1818 3111 1874 quaecunque
3143 1805 3317 1856 Pater
3354 1803 3473 1873 agit
3503 1803 3710 1860 eadem

2067 1888 2248 1944 Filius
2280 1905 2514 1959 quoque
2539 1890 2676 1960 agit.

2066 2005 2403 2058 Asscrtioncs
2442 2004 2567 2057 aliae
2622 2005 2877 2058 adversus
2942 2007 3413 2060 Eunomianorum
3477 2005 3710 2072 ὁμοιοῦ-

2140 2095 2278 2140 σιον,
2313 2075 2414 2130 hoc
2445 2083 2520 2130 est
2551 2074 2993 2145 dirtionem,qua
3024 2077 3198 2130 Filius
3227 2077 3431 2130 similis
3461 2077 3705 2146 quidem,

2140 2155 2195 2202 at
2250 2163 2362 2202 non
2418 2147 2662 2214 ejusdem
2711 2163 2833 2201 cum
2888 2149 3056 2201 Patre
3113 2147 3432 2203 substantiae
3483 2164 3591 2204 csse
3621 2148 3712 2202 di-

2141 2220 2308 2277 citur.

2713 2309 2864 2363 CAP.
2928 2308 3090 2362 LVII.

2178 2418 2369 2487 Magni
2398 2415 2698 2471 Athanasii
2728 2417 2990 2472 adversus
3019 2420 3225 2488 eos,qui
3257 2417 3610 2474 homaeusium

2703 2489 3087 2546 introducunt.

2144 2602 2230 2652 29.
2269 2598 2492 2653 Similia
2522 2614 2643 2652 non
2668 2597 2738 2653 de
2771 2597 3140 2666 substantiis,
3174 2604 3233 2654 at
3258 2599 3458 2672 figuris
3481 2603 3540 2655 et
3569 2615 3708 2672 qua-

2073 2687 2342 2744 litatibus
2375 2687 2672 2743 dicuntur.
2724 2689 2907 2743 Homo
2959 2688 3157 2759 itaque
3199 2689 3428 2745 homini
3487 2690 3714 2744 ratione

2073 2777 2311 2849 quidem
2335 2778 2606 2832 essentim
2637 2776 2931 2847 ὁμοούσιος
2963 2777 3180 2832 dicitur
3213 2795 3226 2834 :
3260 2779 3488 2834 ratione
3519 2786 3717 2834 autem

2074 2868 2276 2940 ﬁgura,-
2307 2873 2410 2921 aut
2434 2865 2602 2930 idem,
2636 2866 2850 2937 ὅμοιος.
2885 2866 2944 2920 id
2966 2873 3057 2921 est
3085 2867 3314 2924 similis.
3356 2867 3490 2924 Idea
3539 2884 3712 2940 porro

2075 2959 2332 3030 qualitas
2355 2957 2650 3029 quaepiam
2682 2963 2786 3011 est.
2807 2958 2950 3012 Item
2974 2957 3151 3013 homo
3182 2957 3336 3027 bovi,
3361 2959 3407 3013 si
3440 2959 3714 3014 essentia)

2075 3048 2224 3104 ratio
2257 3048 2562 3114 habeatur,
2597 3063 2717 3102 non
2750 3044 3010 3117 ἀνόμοιος
3033 3063 3137 3102 seu
3169 3047 3477 3103 dissimilis
3518 3053 3626 3116 est,
3659 3053 3719 3103 at

2077 3136 2439 3208 ὶτεροούσιος,
2493 3135 2606 3192 hoc
2664 3141 2754 3192 est
2793 3138 3044 3191 essentia
3103 3137 3331 3192 diversa
3379 3137 3658 3208 praeditus
3698 3153 3713 3192 :

2005 3210 2306 3282 Cretione
2366 3241 2502 3281 vero
2566 3224 2713 3280 idem
2773 3241 3092 3297 corporeae,
3149 3223 3408 3297 ἀνόμοιος
3453 3241 3559 3280 seu
3597 3225 3720 3280 dis-

2079 3315 2310 3372 similis.
2368 3315 2458 3369 Fit
2515 3321 2713 3370 autem
2764 3315 2880 3370 Deo
2940 3314 3237 3386 quispiam
3298 3314 3532 3382 similis,
3597 3331 3717 3370 non

2079 3405 2358 3464 essentia.
2392 3402 2494 3460 sed
2526 3402 2862 3470 virtutibus,
2911 3420 3041 3474 quae
3075 3403 3460 3474 qualitatibus
3510 3419 3718 3460 accen-

2079 3500 2305 3549 sentur.

2670 3583 2871 3638 Basilii
2912 3584 3123 3653 Magni.

2146 3694 2232 3748 30.
2268 3690 2591 3762 Splendore
2619 3689 2858 3760 quidem
2891 3688 3387 3757 conjunctioneni,
3436 3687 3717 3758 hyposta-

2075 3800 2208 3838 seos
2239 3798 2373 3836 vero
2404 3782 2743 3836 charactere
2768 3794 2871 3832 seu
2923 3777 3107 3846 figura
3155 3775 3521 3842 substantias,
3556 3774 3715 3844 -ὁμο-

2075 3870 2278 3936 o-Scnov,
2337 3868 2448 3922 hoc
2479 3873 2568 3920 est
2603 3865 2978 3918 identitatem
3021 3861 3368 3917 substantias
3410 3861 3713 3918 docemur.

2663 3979 2852 4033 Sancti
2908 3978 3127 4048 Cyritli.

2149 4098 2236 4152 3i.
2271 4094 2580 4151 Undenam
2609 4093 2790 4150 Filius
2820 4095 2976 4148 Patri
3010 4094 3530 4150 consubstantialis
3589 4112 3716 4152 esse

2076 4187 2269 4242 dictus
2302 4185 2398 4253 sit,
2432 4184 2743 4256 Apostolus
2775 4185 2930 4239 dicat
2962 4184 3053 4240 his
3077 4184 3266 4239 verbis
3293 4202 3304 4238 :
3330 4185 3436 4249 Qui
3484 4202 3604 4239 cum
3663 4187 3719 4240 in

2077 4280 2258 4347 forma
2299 4273 2395 4330 Dei
2425 4282 2578 4341 esset,
2610 4291 2717 4330 non
2761 4275 3021 4344 rapinam
3048 4275 3350 4329 arbitratus
3381 4281 3481 4342 est,
3515 4290 3622 4330 esse
3667 4290 3720 4329 se

2077 4363 2348 4434 aequalem
2377 4364 2478 4418 Deo
2508 4364 2783 4434 I"-ltaque
2801 4379 2936 4417 cum
2970 4379 3075 4434 per
3103 4362 3205 4417 Dei
3226 4363 3476 4417 formam
3509 4369 3722 4417 natura

2077 4453 2466 4526 intelligatur,
2502 4452 2974 4525 adjuugaturque
3003 4451 3550 4523 mqualitas,merito
3579 4467 3722 4506 con-

2081 4540 2490 4600 substantialis
2523 4542 2714 4596 dictus
2771 4548 2877 4596 est.
2912 4541 3018 4605 Qui
3059 4540 3216 4595 enim
3265 4540 3555 4612 aequalem
3586 4558 3720 4596 cum

2081 4638 2252 4691 Patre
2287 4640 2557 4689 naturam
2591 4631 2785 4699 habet,
2819 4632 3108 4702 aequalem
3140 4636 3297 4686 certe
3323 4631 3721 4686 substantiam

2082 4742 2317 4798 quoque
2377 4724 2572 4780 habet.
2633 4725 2784 4788 Quin
2843 4725 2964 4794 ipse
3007 4739 3242 4794 quoque
3287 4723 3550 4778 Christus
3582 4739 3717 4778 cum

2081 4815 2163 4870 ait
2196 4832 2209 4870 :
2241 4817 2354 4885 Ego
2376 4821 2426 4870 et
2451 4819 2617 4868 Pater
2653 4830 2822 4868 unum
2851 4830 3034 4868 sumus
3063 4814 3130 4878 ⁸³,
3172 4817 3395 4867 natura:
3457 4813 3576 4867 sive
3626 4827 3720 4866 es-

2081 4904 2286 4960 sentia:
2319 4903 2692 4958 identitatem
2725 4903 3110 4957 demonstrat.

2648 5019 2900 5089 Ejusdem
2947 5019 3075 5086 Cyri
3081 5018 3160 5073 lli.

2151 5139 2240 5193 32.
2275 5137 2534 5202 Quorum
2585 5137 2850 5192 actiones
2908 5136 3145 5203 easdem,
3207 5152 3414 5192 eorum
3474 5135 3732 5192 essentia

2083 5243 2321 5298 quoque
2351 5243 2472 5283 una
2503 5232 2610 5283 est.
2645 5227 2812 5282 Actio
2845 5244 3020 5298 porro
3082 5227 3272 5281 Patris
3322 5232 3378 5282 et
3435 5226 3562 5281 Filii
3609 5241 3729 5282 una

2083 5323 2193 5383 est,
2227 5323 2294 5372 ut
2323 5315 2464 5372 hinc
2493 5323 2656 5388 patet
2679 5333 2691 5371 :
2711 5317 3000 5372 Faciamus
3029 5317 3304 5371 hominem
3332 5315 3406 5370 ad
3437 5317 3737 5382 imaginem

2082 5417 2329 5465 nostram
2361 5407 2427 5463 ³³.
2489 5409 2674 5464 Item:
2708 5409 3057 5480 Qmecunque
3099 5410 3264 5463 Pater
3294 5409 3433 5476 agit,
3467 5408 3655 5464 eadem
3683 5413 3739 5463 et

3502 5559 3544 5595 ττ
3573 5559 3725 5616 Psal.

3300 5633 3346 5667 ⁸²
3374 5632 3538 5688 Joan.
3574 5648 3626 5701 Σ,
3661 5634 3728 5684 30

2859 5560 2905 5596 ⁷⁸
2975 5557 3121 5614 Psal.
3184 5575 3310 5625 Lxx,
3372 5561 3422 5614 3·

2611 5631 2656 5666 δι
2715 5631 2971 5707 Philipp,
3033 5648 3094 5702 ιι,
3142 5633 3196 5686 6.
