4090 6192
329 385 487 451 1197
1647 357 1956 425 ΝῙΟΕΤΛΕ
1999 356 2021 420 ί

2135 349 2425 416 )NIA'I‘E
3595 329 3768 392 H28

341 519 511 578 Filius
539 515 658 585 agit
687 511 754 546 δι’
789 512 974 566 Item:
1007 505 1069 562 Si
1097 517 1268 575 opera
1296 499 1478 556 Patris
1507 495 1618 554 mei
1642 511 1756 553 non
1809 490 1984 564 facio,
2016 491 2073 560 Α

341 626 412 666 ne
437 604 673 663 credatis
701 599 842 657 mihi
869 595 939 654 ⁸⁵.

915 713 1170 786 Ejusdem
1201 707 1418 780 Cyrilli.

417 844 506 898 33.
540 833 1050 906 Quemadmodum
1082 831 1275 886 bonus
1305 827 1451 883 odor
1473 824 1594 892 ille,
1618 823 1720 894 qui
1745 825 1991 876 natura-

346 935 484 996 liter
514 937 572 988 et
600 927 999 986 essentialiter
1034 941 1064 978 e
1109 923 1254 978 llore
1304 915 1591 992 procedit,
1643 911 1807 970 ﬂoris
1863 910 1994 982 ejus

339 1022 612 1098 .speciem
645 1017 929 1085 indicat,a
955 1030 1070 1084 quo
1104 1019 1385 1082 tanquam
1410 1009 1653 1079 parente
1676 1007 1852 1059 natus
1883 1005 1994 1069 est,

2657 477 2916 551 Ejusdem
2944 471 3173 530 Basilii.

2166 606 2256 659 37.
2288 595 2770 672 Comparationes
2799 591 3038 668 proprie
3068 589 3224 644 i‘nter
3252 584 3356 641 illa
3388 584 3568 652 fiunt,
3601 583 3762 654 ique

2099 697 2237 749 sunt
2294 689 2562 762 ejusdem
2597 684 2850 760 generis.
2895 680 3102 738 Nullus
3152 676 3315 732 enim
3361 673 3556 730 Deum
3616 687 3760 727 cum

2099 761 2339 853 angelo,
2359 784 2461 834 aut
2489 775 2768 848 angelum
2795 787 2929 828 cum
2977 767 3242 834 homine,
3277 768 3381 819 aut
3437 761 3760 816 hominem

2102 849 2238 928 cum
2269 849 2441 926 bruto
2469 867 2738 932 confert;
2773 861 2878 918 sed
2910 862 3062 916 Deus
3093 855 3337 930 quidem
3384 868 3526 908 cum
3585 849 3760 906 nullo

2105 958 2361 1017 conferri
2395 961 2607 1030 potest,
2639 958 2855 1011 cmtera
2884 966 3018 1006 vero
3051 963 3188 1004 cum
3217 945 3292 1000 iis
3337 942 3762 1008 conferuntur,

2107 1067 2239 1122 quae
2271 1027 2410 1104 sunt
2439 1044 2672 1119 generis
2702 1039 2971 1114 ejusdem
3005 1055 3018 1092 :
3063 1053 3184 1093 non
3236 1037 3442 1090 autem
3492 1046 3629 1086 cum
3681 1027 3761 1084 iis

348 1089 433 1169 ita
462 1117 520 1167 et
549 1103 1000 1178 ﬁlius,quive1ut
1029 1100 1176 1157 odor
1203 1105 1465 1172 paternaa
1485 1091 1830 1150 substantias
1843 1089 1998 1162 quis-

352 1201 512 1272 piam
563 1201 672 1266 est,
721 1192 1050 1268 genitorem
1101 1205 1276 1244 suum
1333 1184 1614 1242 declarat.
1657 1181 1754 1238 Ait
1791 1178 1994 1236 enim:

356 1289 462 1356 Qui
478 1287 630 1345 videt
657 1303 762 1354 me,
785 1283 936 1341 videt
962 1288 1012 1338 et
1030 1287 1251 1337 Patrem
1273 1276 1342 1332 ⁸⁸.

357 1409 415 1466 S.
448 1405 648 1478 Cyrilli
688 1404 924 1474 objectio
968 1407 1163 1456 contra
1208 1399 1468 1464 Arianos,
1525 1393 1752 1464 ejusque
1779 1388 1997 1445 solutio.

433 1525 521 1578 34.
589 1522 680 1577 Sic
715 1517 930 1576 alicubi
993 1517 1264 1572 Servator
1311 1513 1394 1568 ait
1445 1509 1702 1582 seipsum
1760 1503 2002 1576 quidem

363 1615 426 1670 in
454 1615 626 1669 Patre
655 1625 804 1677 sese,
835 1609 1070 1662 Patrem
1092 1609 1292 1660 autem
1311 1597 1665 1656 consimilite
1689 1596 1751 1650 in
1785 1593 2002 1664 seipso.

364 1704 490 1759 Iam
522 1699 705 1756 cuivis
737 1695 1115 1769 perspicuum
1140 1697 1247 1758 est,
1273 1705 1394 1744 non
1422 1687 1503 1742 ita
1553 1681 2006 1754 intelligendum

363 1792 476 1846 hoc
505 1805 655 1856 esse,
685 1792 752 1842 ut
805 1780 1307 1856 quemadmodum
1365 1791 1580 1848 corpus
1610 1787 1874 1844 corpore,
1908 1773 2011 1826 aut

2108 1157 2241 1212 qua)
2273 1137 2510 1195 diversi.

2179 1231 2295 1285 Nec
2327 1227 2489 1284 enim
2521 1223 2764 1298 angelus
2794 1237 2929 1278 cum
2954 1217 3222 1283 homine,
3253 1229 3368 1270 nec
3399 1211 3580 1268 homo
3609 1225 3744 1266 cum

2109 1319 2284 1375 bruto
2316 1333 2426 1372 nec
2458 1315 2685 1388 lignum
2717 1327 2854 1368 cum
2892 1306 3090 1380 lapide
3147 1305 3476 1361 confertur.
3509 1300 3639 1364 Quo
3674 1299 3760 1364 tit,

2111 1413 2178 1465 ut
2206 1409 2268 1462 in
2293 1406 2364 1461 iis
2387 1386 2530 1476 quae
2545 1409 2685 1460 sunt
2716 1399 2991 1473 ejusdem
3011 1391 3493 1470 generis,melius
3526 1405 3654 1444 non
3686 1386 3778 1442 di-

2115 1504 2302 1566 catur,
2335 1495 2439 1552 sed
2468 1493 2679 1568 magis,
2711 1491 2866 1565 plus,
2901 1494 2961 1544 et
2989 1486 3206 1559 majus.
3249 1486 3458 1555 Itaque
3487 1481 3540 1536 si
3597 1481 3783 1535 Pater

2116 1588 2259 1644 Filio
2293 1586 2518 1642 ratione
2548 1589 2776 1638 natura)
2808 1579 2930 1635 sive
2981 1573 3338 1633 substantias
3397 1572 3600 1642 major
3658 1573 3775 1636 est,

2118 1677 2231 1734 erit
2259 1676 2442 1731 Filius
2472 1671 2744 1746 ejusdem
2775 1685 2909 1726 cum
2933 1669 3107 1723 Patre
3142 1661 3516 1720 substantias.

2119 1797 2176 1852 S.
2212 1793 2410 1864 Cyrilli
2433 1792 2690 1847 adversus
2719 1788 2940 1864 eos‘qui
2965 1786 3260 1864 minorem
3316 1781 3521 1864 Filium
3583 1778 3773 1864 intra:

361 1848 665 1936 vasculum
706 1848 942 1932 vasculo
991 1867 1538 1942 comprehenditur.
1587 1864 1670 1918 ita
1699 1862 1876 1917 etiam
1910 1861 2011 1914 Pa—
2041 1865 2087 1931 Β
2120 1848 2422 1932 θ’νάήιιῖυηε,
2479 1879 2540 1918 eo
2589 1860 2755 1942 quod.
2793 1848 3038 1942 Carisius
3080 1855 3141 1910 in
3197 1851 3511 1922 Evangelii:
3575 1848 3777 1904 dicat:

365 1975 517 2025 trem
544 1985 578 2023 a
601 1963 861 2036 Filio,vel
887 1978 917 2018 e
939 1962 1170 2018 diverso
1214 1957 1426 2013 Filium
1449 1956 1495 2010 ~a
1533 1955 1705 2009 Patre
1746 1965 2014 2022 compre-

367 2056 548 2114 hendi
573 2051 1012 2128 quodammodo
1037 2049 1323 2105 dicamus.
1348 2046 1639 2100 Caeterum
1679 2041 1778 2096 hic
1808 2040 1867 2094 in
1892 2039 2018 2104 illo,

371 2148 593 2219 illeque
625 2146 688 2200 in
717 2145 826 2200 hoc
849 2142 997 2198 citra
1027 2136 1422 2194 mutationem
1458 2148 1588 2188 esse
1627 2131 1878 2194 videtur,
1899 2135 2022 2184 tan-

377 2253 555 2310 quam
586 2234 646 2290 in
680 2231 952 2290 essentia:
984 2227 1313 2290 identitate,
1336 2221 1708 2292 naturalique
1737 2221 2024 2290 conjunc-

381 2329 547 2384 tione
577 2331 756 2396 atque
789 2319 1204 2378 similitudine.
1265 2312 1778 2382 Quemadmodum
1811 2310 2022 2388 siquis

387 2420 450 2474 in
477 2415 734 2482 imagine
764 2428 932 2468 suam
962 2409 1281 2483 genuinam
1319 2404 1697 2476 conspicatus
1747 2402 2024 2468 formam,

386 2523 520 2562 vere
575 2503 928 2576 quibusdam
986 2499 1163 2566 dicat,
1201 2494 1653 2553 similitudinem
1687 2499 1802 2548 tam
1826 2493 2028 2548 exacte

390 2609 730 2669 expressam
761 2591 1122 2647 demiratus:
1158 2589 1272 2660 Ego
1299 2587 1360 2642 in
1389 2586 1500 2640 hac
1537 2583 1787 2655 pictura,
1823 2585 1880 2634 et
1907 2577 2028 2650 pic-

385 2692 520 2741 tura
541 2684 666 2739 Ι]ωο
697 2682 757 2738 in
781 2679 1004 2738 me.Vel
1021 2673 1524 2748 quemadmodum
1548 2672 1596 2727 si
1613 2669 1881 2727 caliditas
1898 2683 2030 2738 quas

381 2773 735 2830 naturaliter
763 2769 836 2826 ab
868 2769 1000 2842 igne
1033 2763 1316 2838 procedit,
1337 2762 1501 2834 loqui
1531 2765 1751 2833 posset,
1784 2757 2032 2813 diceret-

389 2881 502 2939 que
536 2879 550 2917 :
583 2863 700 2934 Ego
723 2861 784 2914 in
814 2859 1038 2931 igne,et
1067 2853 1219 2926 ignis
1251 2853 1310 2908 in
1345 2868 1460 2908 me.
1478 2853 1622 2907 Nam
1668 2845 2032 2920 supradicto-

383 2934 516 3008 rum
539 2947 1009 3020 unumquodque
1031 2943 1386 3018 cogitatione
1419 2940 1658 3013 quidem
1679 2934 1857 2993 dividi
1887 2949 2029 3006 quo-

383 3038 701 3096 dammodo
732 3042 966 3110 potest;
998 3040 1059 3090 at
1087 3038 1300 3089 natura
1331 3046 1518 3086 unum
1577 3033 1686 3098 est,
1720 3039 2027 3096 unumque

367 3130 453 3185 5ex
498 3144 618 3185 uno
678 3124 984 3183 individua
1057 3122 1308 3194 quadam
1371 3116 1751 3192 processione
1814 3115 2022 3182 oritur,

2204 1959 2232 1987 ‹‹
2267 1943 2436 1994 Pater
2463 1949 2610 1990 meus
2639 1933 2820 2002 major
2837 1946 2920 1986 me
2945 1934 3043 1984 est.
3079 1951 3103 1980 ι

2201 2066 2288 2120 38.
2321 2063 2428 2129 Qui
2462 2077 2596 2116 vero
2627 2058 2758 2115 ﬁeri
2789 2061 2987 2130 potest
3013 2060 3080 2111 ut
3123 2053 3308 2110 Filius
3351 2051 3554 2107 minor
3611 2046 3780 2104 dicae

2131 2158 2248 2220 tur,
2284 2152 2383 2223 qui
2416 2149 2727 2224 perspicue
2759 2147 2918 2202 dicat
2949 2161 2963 2200 :
2997 2144 3192 2200 Omnia
3217 2155 3556 2214 quacunque
3609 2137 3781 2192 habet

2132 2244 2314 2308 Pater,
2349 2257 2472 2296 mea
2498 2245 2628 2294 sunt
2657 2235 2724 2290 ⁸⁸.
2758 2238 2830 2292 Et
2851 2234 2991 2291 alibi
3023 2235 3139 2290 Deo
3165 2239 3222 2287 et
3247 2229 3396 2286 Patri
3441 2226 3625 2282 verba
3678 2224 3768 2278 fa-

2135 2331 2297 2386 ciens
2330 2345 2344 2384 :
2394 2327 2611 2394 Omnia,
2653 2325 2869 2396 inquit,
2910 2340 3030 2380 mea
3061 2329 3158 2377 tua
3182 2325 3322 2384 sunt,
3346 2323 3396 2373 et
3415 2323 3516 2371 tua
3539 2330 3669 2369 mea
3689 2311 3765 2380 ⁸⁸,

2137 2419 2197 2473 in
2231 2420 2462 2474 Patrem
2493 2431 2730 2487 quoque
2763 2411 2936 2469 cadet
2956 2416 3022 2468 ut
3059 2411 3252 2466 minor
3280 2400 3776 2468 dicatur,itidem-

2139 2523 2254 2580 que
2279 2507 2341 2561 in
2363 2505 2594 2562 Filium.
2627 2507 2694 2560 ut
2717 2502 2930 2575 major,
2962 2498 3294 2574 praesertim
3325 2511 3458 2552 cum
3487 2494 3554 2548 in
3577 2504 3783 2547 rerum

2141 2579 2350 2652 ordine
2381 2594 2612 2650 nullum
2645 2593 2722 2648 sit
2751 2590 3096 2653 discrimen,
3131 2586 3428 2656 siquidem
3459 2597 3596 2654 qua:
3635 2579 3786 2635 utri-

2140 2703 2253 2759 que
2284 2686 2489 2740 insunt
2514 2685 2575 2739 in
2610 2687 2864 2753 utroque
2919 2683 3262 2741 cernantur,
3293 2677 3376 2732 ita
3393 2680 3463 2730 ut
3485 2668 3791 2744 quidquid

2139 2758 2330 2831 Patris
2351 2773 2537 2842 est,id
2565 2771 2698 2828 Filii
2729 2786 2966 2842 quoque
2997 2768 3096 2834 sit,
3122 2772 3181 2823 et
3210 2781 3375 2821 versa
3423 2763 3580 2829 vice,
3613 2758 3795 2832 quid-

2140 2864 2282 2936 quid
2311 2862 2441 2918 Filii
2464 2861 2769 2934 proprium
2802 2875 2932 2916 esse
2961 2857 3214 2924 videtur,
3238 2855 3299 2910 id
3327 2852 3492 2909 Patri
3551 2864 3796 2922 quoque

2139 2953 2429 3010 convenit.
2467 2954 2667 3022 Itaque
2703 2948 2854 3005 nihil
2886 2946 3166 3009 obstabit.
3199 2944 3523 3016 quominus
3559 2945 3798 2997 Patrem

2135 3042 2287 3099 Filio
2324 3042 2709 3107 minorem,et
2737 3037 2951 3094 Filium
2982 3038 3156 3092 Patre
3183 3035 3477 3106 majorem
3498 3031 3793 3087 dicamus:

2138 3132 2239 3189 sed
2273 3129 2613 3204 hujusmodi
2640 3125 3045 3202 quidpiamvet
3076 3125 3336 3198 cogitare
3351 3119 3788 3196 perabsurdum

383 3216 893 3290 quemadmodum
917 3214 1151 3287 sejungi
1180 3227 1418 3284 quoque
1448 3208 1681 3265 videtnr
1711 3206 1783 3264 ab
1814 3223 1884 3262 eo
1929 3203 2021 3260 cui

2138 3227 2246 3278 est.
2281 3203 2648 3294 Quapropter
2679 3217 2924 3290 aequalis
2957 3221 3045 3272 est
3074 3214 3254 3279 Patri,
3287 3229 3414 3268 non
3477 3212 3651 3267 Patre
3678 3208 3784 3264 mi-

386 3306 627 3376 quidem
657 3308 834 3361 inest.
855 3305 1373 3360 Verumenimvero
1406 3299 1640 3356 tametsi
1670 3297 1752 3352 vis
1769 3301 1828 3352 et
1864 3309 2029 3351 ener—
2064 3297 2100 3306 '
2137 3328 2270 3376 nor,
2303 3309 2404 3381 qui
2434 3323 2780 3365 communes
2813 3305 2992 3362 habe,
3020 3319 3151 3362 cum
3201 3304 3378 3358 patre
3437 3298 3776 3366 substantia

387 3393 482 3464 gia
511 3408 718 3447 eorum
749 3409 881 3462 qum
913 3391 984 3446 de
1007 3391 1152 3462 ipsis
1184 3391 1519 3461 cogitantur
1548 3388 1658 3443 hoc
1681 3384 1858 3441 veluti
1889 3399 2029 3455 quo-

387 3481 528 3538 dam
558 3485 696 3552 typo
719 3479 1034 3545 elucescat,
1069 3479 1129 3532 in
1161 3478 1343 3532 altero
1375 3483 1576 3532 tamen
1619 3475 1870 3540 videtur,
1911 3489 2032 3529 am-

384 3570 582 3642 boque
612 3569 772 3624 idem
813 3571 971 3635 sunt,
1029 3565 1076 3621 si
1127 3564 1472 3619 substantias
1519 3564 1668 3618 ratio
1716 3562 2026 3618 habeatur.

385 3663 591 3732 Itaque
622 3659 670 3714 si
697 3659 971 3715 essentiaa
994 3656 1385 3726 ratione,quas
1417 3653 1636 3710 mutari
1659 3667 1780 3708 non
1812 3655 2027 3722 potest,

389 3753 566 3822 atque
607 3747 966 3805 characteris
979 3762 1084 3802 seu
1101 3746 1458 3818 ﬂguraa,quaa
1474 3758 1716 3815 prorsus
1729 3739 2029 3813 corrumpi

369 3838 779 3896 .adulterarive
809 3836 1218 3908 nequit,Pater
1247 3833 1309 3889 in
1337 3833 1484 3888 Filio
1515 3830 1739 3904 est,qui
1775 3830 1902 3886 ﬁeri
1932 3846 2030 3902 po-

384 3930 613 3996 teritut
643 3928 940 4001 majorgin
995 3926 1314 3989 minorem,
1351 3923 1438 3980 sic
1467 3923 1628 3978 enim
1667 3921 1765 3978 isti
1817 3921 2029 3977 Filium

385 4025 1007 4090 ceusent,transeat,et
1037 4020 1099 4074 in
1121 4036 1190 4075 eo
1202 4017 1471 4073 videatur
1489 4019 1518 4072 ?
1537 4015 1686 4082 Quia
1705 4031 1840 4070 vero
1862 4030 2030 4086 pror-

385 4128 484 4168 sus
515 4111 576 4166 in
609 4127 676 4166 eo
711 4115 818 4178 est,
839 4107 1246 4180 consequitur,
1271 4113 1334 4162 ut
1362 4105 1542 4161 Filius
1573 4103 1816 4160 omnino
1846 4103 2030 4175 perfe-

385 4208 513 4258 ctus
543 4200 622 4256 sit
651 4204 764 4255 eta
789 4198 1049 4270 perfecto
1108 4195 1406 4269 procedat,
1451 4193 1646 4268 magni
1671 4193 1860 4250 Patris
1891 4193 2028 4248 cha-

384 4296 580 4346 racter
609 4294 668 4346 et
698 4289 906 4362 ﬁgura.

383 4407 578 4478 Magni
627 4406 862 4472 Basilii,
894 4404 1044 4475 quod
1098 4403 1383 4478 Paterusit
1415 4474 1425 4478 _
1455 4401 1601 4478 Filio
1657 4401 1838 4472 major
1867 4415 2032 4458 causa

593 4485 854 4550 paterna,
890 4474 1000 4532 non
1031 4482 1214 4531 autem
1246 4474 1560 4531 divinitatis
1589 4481 1815 4530 natura.

457 4597 544 4652 35.
579 4594 636 4649 Si
663 4593 983 4650 essentiam
1016 4593 1276 4647 essentia
1297 4591 1580 4663 majorem
1604 4596 1707 4647 aut
1734 4590 2027 4647 minorem
2059 4599 2104 4664 ι)

390 4700 511 4741 non
541 4682 1013 4750 dicemus,verba
1033 4681 1326 4748 illa,Pater
1345 4682 1522 4751 major
1541 4697 1626 4737 me
1653 4681 2034 4745 estmmatione

387 4771 731 4832 substantias
754 4771 1040 4828 dictanon
1063 4777 1200 4826 sunt
1223 4789 1238 4838 ;
1269 4769 1374 4827 sed
1397 4770 1536 4842 quia
1558 4771 1686 4842 ejus
1715 4771 2026 4842 Pater,hoc

386 4871 684 4936 est,causa
709 4867 768 4917 et
788 4861 1150 4934 principium
1181 4867 1288 4917 est.

939 4979 1196 5051 Ejusdem
1240 4977 1464 5036 Basilii.

451 5101 540 5157 36.
575 5099 632 5156 Si
663 5112 842 5156 causa
873 5095 1064 5166 major
1089 5101 1178 5150 est
1205 5112 1273 5152 eo
1305 5095 1476 5167 cujus
1505 5101 1594 5152 est
1623 5109 1822 5161 causa,
1867 5099 1925 5150 et
1953 5094 2024 5151 ab

378 5191 508 5266 ipso
539 5189 814 5247 essentia;
844 5185 1076 5244 ratione
1107 5185 1323 5242 differt.
1353 5185 1558 5241 Omnis
1613 5191 1812 5241 autem
1859 5191 2028 5257 pater

381 5295 556 5338 causa
587 5285 694 5349 est,
718 5278 1033 5348 omnisque
1066 5275 1226 5331 ﬁlius
1245 5274 1296 5330 is
1335 5275 1504 5340 cujus
1523 5279 1692 5346 pater
1707 5289 1885 5331 causa
1915 5279 2023 5343 est,

351 5375 540 5428 .certe
557 5370 818 5440 majores
844 5367 984 5424 filiis
1009 5371 1208 5437 patres
1239 5363 1572 5438 diversique
1605 5367 1743 5430 sunt
1779 5361 1852 5419 ab
1912 5361 2026 5418 illis

388 5457 660 5513 essentim
689 5459 940 5515 ratione.
976 5455 1094 5510 Hoc
1125 5470 1329 5510 verum
1355 5470 1477 5510 non
1507 5457 1615 5509 est.

460 5655 506 5691 δι
537 5651 704 5708 Joan.
739 5672 790 5723 γ,
827 5660 908 5712 19.
984 5660 1028 5696 ⁸⁸
1055 5663 1220 5717 Joan.
1255 5679 1312 5728 ι,
1347 5627 1444 5719 37..
1537 5658 1580 5697 ³ο
1601 5658 1764 5718 Joan.
1795 5651 1908 5730 xxx,
1943 5658 1996 5717 9.

2136 3399 2472 3472 dignitates.

2135 3534 2268 3591 Alia
2321 3532 2553 3602 objectio
2606 3533 3040 3587 Anoma’orum:
3083 3529 3176 3585 An
3232 3528 3416 3602 volens
3469 3525 3663 3593 Pater,
3713 3539 3787 3578 an

2561 3604 2754 3658 nolens
2801 3601 3006 3657 Filium
3039 3602 3292 3671 genuerit
3315 3599 3351 3655 ?

2755 3722 2915 3778 CAP.
2973 3719 3165 3775 LVIII.

2135 3831 2326 3899 Magni
2357 3831 2610 3902 Gregbrii
2639 3829 2894 3902 Theolngi
2929 3845 3000 3902 ex
3050 3829 3296 3902 oratione
3337 3825 3400 3880 de
3453 3825 3769 3890 incompreo

2491 3901 2754 3960 hensibili
2774 3902 2910 3956 Filii
2930 3901 3027 3956 Dei
3054 3899 3402 3971 generatione.

2209 4021 2302 4076 39.
2317 4018 2666 4091 Cujusmodi
2689 4033 2865 4090 porro
2887 4015 3166 4086 estquod
3185 4009 3446 4072 Anomozi
3465 4007 3790 4080 objiciunt,

2123 4124 2320 4180 :quam
2353 4108 2618 4164 rixosum
2650 4112 2711 4164 et
2738 4104 3102 4179 impudens?
3136 4103 3450 4169 Volensne,
3480 4098 3794 4170 inquiunt,

2138 4197 2355 4254 Filium
2383 4195 2606 4270 genuit,
2639 4211 2716 4252 an
2743 4194 2954 4252 nolens
2973 4194 3002 4250 ‘l
3025 4191 3244 4249 deinde
3275 4189 3544 4250 nodis,ut
3562 4187 3688 4260 ipsi
3711 4203 3805 4242 ar-

2139 4285 2457 4352 bitrantur,
2490 4285 2791 4356 ;utrinque
2847 4300 2958 4340 nos
3006 4281 3335 4355 implicant,
3387 4295 3510 4335 non
3552 4275 3807 4341 validis,

2137 4375 2243 4432 sed
2277 4374 2599 4432 admodum
2626 4374 2871 4448 putidis.
2904 4373 2961 4429 Si
2991 4372 3226 4438 nolens,
3277 4368 3586 4442 inquiunt,
3661 4381 3810 4438 ergo

2138 4465 2452 4538 tyrannice
2483 4470 2723 4522 coactus
2757 4480 2772 4519 :
2807 4463 2940 4534 quis
2967 4467 3168 4518 autem
3199 4461 3386 4517 Deum
3412 4474 3636 4525 cogere
3650 4471 3817 4528 _quo-

2143 4571 2400 4628 namque
2432 4555 2534 4612 ille
2556 4555 2733 4611 modo
2759 4555 2884 4626 cogi
2905 4552 3139 4624 possit?
3162 4550 3330 4618 Quod
3360 4550 3410 4606 si
3439 4547 3684 4617 volens,
3719 4563 3817 4602 vo—

2143 4646 2388 4703 luntatis
2419 4645 2600 4701 Filius
2632 4650 2722 4702 est
2751 4645 2924 4700 Deus.
2958 4640 3264 4710 Quomodo
3296 4655 3434 4712 ergo
3459 4656 3536 4695 ax
3584 4635 3822 4705 Ρητεῖ

2149 4737 2232 4792 ita
2261 4741 2328 4791 ut
2359 4751 2568 4792 novam
2597 4733 2916 4806 quamdam
2947 4736 3200 4788 matrem
3232 4729 3616 4786 voluntatem
3681 4727 3822 4783 loco

2133 4825 2326 4881 Patris
2345 4825 2724 4897 coniungant.
2760 4824 2952 4879 Unum
2983 4825 3184 4877 tamen
3208 4819 3323 4875 hoc
3354 4817 3415 4873 in
3468 4815 3606 4872 illis
3638 4831 3826 4874 venu-

2137 4921 2294 4972 stum
2327 4920 2438 4982 est,
2471 4913 2521 4970 si
2546 4913 2638 4970 bis
2657 4912 2852 4970 verbis
2878 4912 3154 4977 inuuant,
3177 4925 3240 4965 se
3263 4908 3339 4965 ab
3369 4907 3716 4964 aﬂ‘ectibus
3743 4904 3825 4962 ad

2134 5004 2502 5062 voluntatem
2532 5001 2843 5060 defecisse.
2876 5002 2994 5058 Nec
3024 4999 3187 5056 enim
3225 4997 3497 5055 voluntas
3563 4997 3826 5054 atTectio

2136 5099 2248 5149 est.

2207 5181 2544 5239 Secundum
2577 5197 2754 5255 porro
2787 5196 2990 5238 eorum
3023 5193 3204 5250 quam
3227 5177 3488 5235 validum
3521 5177 3615 5233 sit
3645 5192 3830 5251 argu-

2137 5272 2754 5334 mentum'videamus.
2787 5269 3142 5328 Praestiterit
3173 5273 3375 5324 tamen
3403 5266 3456 5322 si
3489 5273 3648 5322 ante
3683 5284 3832 5324 eum

2115 5419 2120 5426 ,
2137 5363 2259 5419 illis
2274 5379 2518 5428 manum
2533 5361 2808 5435 proprius
2831 5361 3366 5432 conseramus.Age
3381 5373 3524 5413 vero
3563 5363 3640 5414 tu
3657 5358 3834 5432 ipse,

2141 5453 2243 5524 qui
2271 5453 2448 5532 facile
2481 5452 2631 5539 dicis
2663 5450 2957 5534 quidquid
2982 5449 3130 5534 libet
3156 5449 3238 5504 Ex
3257 5435 3588 5504 volentene
3653 5453 3833 5528 patre

2091 5655 2316 5734 87‘lbid.
2351 5658 2440 5714 28.
2517 5657 2566 5694 ⁸³
2584 5657 2747 5716 Joan.
2776 5673 2886 5729 xvx,
2925 5620 3032 5714 {5.
3115 5655 3529 5729 "108%.an
3571 5659 3678 5731 1°.-
