4090 6192
319 376 348 434 1
359 372 475 433 429

1676 364 2085 430 THESAURI
2135 365 2281 430 LIB.
2330 369 2405 430 V.

3561 367 3734 430 ,1430

313 513 413 564 tuo
443 510 618 561 natus
648 518 732 568 es,
756 516 832 556 an
858 515 923 556 ex
952 498 1238 557 nolente?
1268 502 1322 556 Si
1357 502 1622 572 nolente,
1657 503 1962 575 tyrannice
1997 503 2049 569 Α
2083 503 2334 558 movisse
2362 501 2694 569 videantur,
2727 505 2912 559 Deum
2943 503 3183 574 quidem
3229 502 3442 558 Filium
3482 519 3612 558 esse
3644 504 3732 559 fa-

310 596 598 652 nitnirum
630 597 869 648 coactus
891 595 999 646 est.
1026 590 1158 662 quis
1187 608 1364 663 porro
1399 609 1533 648 eum
1565 592 1803 665 coegit?
1849 594 1963 647 Nec

311 686 470 741 enim
530 690 804 739 naturam
863 679 1100 747 dixeris,
1148 697 1279 751 quia
1335 682 1669 736 castitatem
1726 697 1962 752 quoque

310 773 589 846 amplecti
648 776 858 843 potest.
910 770 1010 823 Sin
1044 769 1295 837 volente,
1351 771 1551 841 paucis
1585 771 1688 825 tibi
1721 770 1964 841 syllabis

309 871 480 937 pater
509 861 770 917 excidit?
786 874 924 913 nam
957 858 1276 913 voluntatis
1303 866 1378 923 te,
1413 876 1532 914 non
1557 859 1740 930 patris
1773 859 1962 913 tilium

313 954 617 1025 praedicas.
652 954 725 1003 At
756 964 889 1003 vero
924 953 1063 1001 tunc
1105 949 1178 1003 ad
1238 949 1422 1004 Deum
1472 965 1684 1019 resque
1737 955 1963 1004 creatas

310 1043 530 1100 transis
552 1042 579 1096 '?
598 1056 735 1109 ergo
758 1038 1066 1111 sapientia:
1091 1044 1203 1093 tuae
1230 1046 1387 1094 tuam
1410 1039 1793 1094 accommodo
1807 1056 1963 1110 quie-

310 1135 580 1190 stionem.
624 1131 913 1185 Volensne
946 1129 1099 1184 Deus
1131 1128 1332 1184 omnia
1371 1128 1657 1195 condidit,
1717 1145 1792 1184 an
1859 1145 1963 1185 co-

306 1228 470 1279 a:tus
495 1221 523 1277 ‘2
552 1221 602 1276 si
632 1225 890 1283 coactus,
923 1218 1048 1273 hinc
1068 1218 1335 1288 tyrannis
1364 1224 1539 1283 est,et
1568 1217 1653 1272 vis
1669 1218 1742 1274 ab
1764 1218 1960 1288 aliquo

306 1313 506 1369 illata:
530 1310 624 1365 sin
656 1307 879 1369 volens.
912 1322 1005 1361 res
1035 1307 1213 1362 etiam
1245 1315 1457 1363 creataa
1492 1309 1602 1362 Deo
1634 1306 1959 1378 privantur,

306 1408 496 1472 tuque
528 1400 588 1454 in
635 1397 862 1469 primis,
918 1395 1019 1467 qui
1078 1397 1339 1464 argutias
1397 1396 1740 1469 ltujusmodi
1789 1396 1960 1452 nobis

311 1489 620 1559 contingis.
654 1486 957 1557 Siquidem
991 1484 1259 1541 voluntas
1290 1503 1397 1541 nos
1436 1503 1470 1542 a
1523 1487 1798 1542 Creatore
1828 1492 1957 1541 tan-

307 1596 486 1652 quam
537 1592 739 1632 murus
795 1575 1186 1630 intertnedius
1217 1575 1495 1647 seiungit.
1556 1576 1961 1631 Verumenim-

304 1685 439 1724 vero
471 1669 654 1723 alium
688 1671 827 1738 puto
862 1681 999 1719 eum
1024 1681 1152 1719 esse
1183 1666 1280 1736 qui
1312 1665 1528 1726 vult.et
1549 1665 1723 1721 aliam
1748 1665 1958 1721 volun-

305 1765 488 1814 tatem
522 1777 536 1823 ;
571 1756 758 1812 alium
800 1755 899 1825 qui
934 1760 1264 1825 generatet
1289 1754 1466 1809 aliam
1489 1755 1957 1823 generationem;

309 1848 492 1902 alium
525 1847 625 1918 qui
658 1844 821 1912 dicit,
846 1851 903 1900 et
930 1845 1113 1899 alium
1145 1860 1503 1909 sermonem,
1537 1844 1650 1898 nisi
1685 1843 1833 1899 forte
1864 1861 1963 1900 su-
1999 1868 2042 1932 Β

308 1953 443 1992 mus
466 1936 634 1991 ebrii.
663 1935 771 1990 Illa
802 1934 959 1989 enim
988 1939 1126 1988 sunt
1148 1951 1279 2005 qua:
1310 1940 1643 2002 moventur,
1678 1933 1803 1987 haec
1826 1950 1963 1989 vero

314 2026 503 2081 motui
533 2024 754 2080 similia
807 2026 930 2080 Non
963 2040 1099 2097 ergo
1133 2024 1450 2079 voluntatis
1481 2028 1590 2092 est,
1623 2022 1782 2094 quod
1833 2023 1965 2094 quis

313 2116 455 2181 vult,
493 2115 658 2170 nulla
687 2114 843 2170 enim
896 2114 1007 2168 hoc
1046 2116 1276 2169 ratione
1335 2114 1719 2184 consequitur
1774 2129 1963 2182 neque

304 2206 728 2277 generationis.
765 2203 924 2275 quod
972 2210 1309 2275 generatur,
1362 2220 1555 2274 neque
1592 2202 1964 2275 prolationis,

312 2293 469 2364 quod
502 2293 769 2350 auditum
797 2300 906 2360 est,
930 2293 1032 2348 sed
1061 2293 1330 2359 volentis,
1364 2293 1727 2364 generantis,
1787 2299 1845 2346 et
1879 2291 1963 2346 lo-

313 2384 714 2454 quentisQum
750 2400 922 2453 porro
949 2383 1061 2436 Deo
1096 2382 1321 2447 insunt,
1357 2382 1448 2435 his
1478 2381 1753 2436 omnibus
1774 2379 1970 2436 excel-

310 2472 571 2527 lentiora
590 2477 763 2526 sunt:
798 2471 890 2525 cui
923 2469 1163 2540 quidem
1214 2470 1518 2542 generatio
1548 2470 1796 2527 fortasse
1818 2469 1969 2525 nihil

317 2560 479 2615 aliud
512 2567 620 2623 est,
653 2574 831 2629 quam
856 2559 978 2629 ipsa
1009 2557 1334 2629 generandi
1367 2558 1676 2624 voluntas;
1710 2556 1869 2628 quod
1918 2557 1965 2612 si

317 2652 560 2707 omnino
595 2649 1000 2706 admittamus.
1064 2649 1326 2704 medium
1384 2648 1534 2703 nihil
1585 2648 1965 2719 relinquitur.

315 2741 490 2811 Atqui
524 2740 828 2812 generatio
863 2738 954 2792 vel
986 2738 1113 2809 ipsa
1131 2738 1431 2793 voluntate
1464 2739 1841 2809 prarstautior
1856 2743 1966 2794 est.

392 2830 564 2885 Visne
596 2836 662 2884 ut
687 2829 980 2884 ludicrum
1014 2844 1118 2900 ego
1152 2844 1387 2898 quoque
1420 2827 1490 2883 de
1524 2829 1695 2883 Patre
1728 2826 1969 2900 aliquod

312 2921 374 2975 in
405 2920 665 2976 medium
700 2919 995 2990 proferam
1027 2919 1054 2974 ?
1086 2919 1381 2989 siquidem
1436 2925 1490 2974 te
1521 2924 1762 2975 auctore
1793 2935 1967 2992 argu-

311 3010 422 3065 tias
455 3008 799 3077 huiusmodi
834 3007 1203 3065 comminisci
1233 3008 1446 3064 audeo.
1472 3008 1769 3063 Volensne
1817 3008 1969 3064 Deus

316 3098 484 3153 Pater
515 3105 626 3165 est,
660 3115 732 3153 an
757 3097 967 3152 nolens
996 3099 1024 3152 ?
1050 3098 1178 3152 Jam
1211 3096 1507 3167 quomodo
1545 3104 1596 3152 te
1650 3096 1722 3153 ab
1777 3096 1967 3153 ambi-

310 3186 516 3242 dextro
548 3192 649 3242 tuo
684 3187 797 3242 hoc
828 3185 1193 3257 sophismate
1224 3185 1544 3257 expedies?
1575 3186 1632 3241 Si
1680 3185 1839 3241 enim
1870 3203 1969 3241 vo-

311 3276 463 3345 lens,
492 3276 730 3350 quando
762 3275 1001 3330 tandem
1032 3275 1179 3330 velle
1209 3275 1383 3347 coapit
1406 3275 1434 3330 ?
1464 3281 1623 3330 certe
1656 3292 1777 3331 non
1800 3282 1965 3331 ante-

314 3382 492 3436 quam
524 3373 718 3431 esset;
752 3364 904 3421 nihil
930 3366 1092 3420 enim
1123 3372 1250 3420 erat
1269 3364 1436 3437 prius
1457 3382 1470 3419 :
1494 3372 1597 3420 aut
1620 3365 1785 3421 aliud
1816 3366 1875 3419 in
1898 3381 1968 3422 eo

318 3454 520 3522 voluit,
554 3460 620 3509 ut
642 3455 723 3509 ita
753 3453 970 3511 dicam.
1000 3454 1245 3509 volitum
1294 3460 1383 3510 est
1417 3470 1430 3519 ;
1465 3454 1622 3509 unde
1654 3455 1971 3526 consequi-

317 3548 413 3598 tur
439 3548 501 3597 ut
537 3542 921 3614 parlitionem
943 3543 1235 3599 admittat.
1270 3543 1420 3609 Quid
1442 3560 1578 3598 vero
1611 3543 1971 3614 obstet.quo-

317 3631 516 3687 minus
548 3632 649 3687 ille
683 3632 999 3688 voluntatis
1057 3649 1291 3704 quoque
1352 3638 1465 3688 tum
1496 3632 1966 3705 promptuarium

316 3720 439 3775 sit?
468 3721 634 3786 Quod
668 3721 715 3776 si
750 3721 974 3785 uolens,
1006 3722 1151 3792 quid
1208 3739 1344 3778 eum
1398 3724 1589 3795 coegit
1636 3728 1699 3776 ut
1754 3728 1913 3778 esset
1942 3719 1971 3774 ?

315 3810 457 3866 item
481 3812 777 3883 quomodo
810 3813 965 3868 Deus
993 3812 1127 3880 erit,
1160 3812 1208 3867 si
1242 3819 1481 3869 coactus
1511 3811 1645 3869 est?
1699 3810 1968 3883 quamvis

312 3897 468 3956 Deus
498 3900 647 3956 nihil
679 3899 842 3956 aliud
875 3901 951 3956 sit
980 3918 1159 3972 quam
1192 3902 1387 3973 ipsum
1419 3918 1571 3958 esse.

968 3998 1127 4051 CAP.
1165 3999 1303 4050 LIX.

314 4096 489 4152 Unam
521 4094 618 4148 Dei
660 4094 970 4159 essentiam,
1004 4101 1267 4146 naturam
1292 4098 1345 4145 et
1377 4093 1805 4161 appellationem
1836 4109 1966 4161 esse,

382 4167 440 4222 S.
475 4166 729 4233 Gregorii
761 4164 1027 4229 Theologi
1054 4164 1313 4217 adversus
1345 4178 1432 4218 eos
1461 4169 1560 4233 qui
1577 4164 1969 4220 dicunthomo-

383 4253 609 4307 nymum
640 4236 808 4307 Deum
852 4233 1055 4289 Filium
1087 4235 1186 4288 Dei
1243 4233 1484 4289 Verbum.
1522 4235 1604 4289 Ex
1631 4238 1812 4305 prima
1841 4252 1967 4292 ora-

386 4306 535 4364 tione
565 4308 631 4362 de
660 4306 827 4362 Filio.

386 4409 475 4462 4ο.
502 4408 712 4462 Nostra
739 4420 914 4477 porro
943 4403 1028 4460 sic
1057 4402 1237 4460 habet
1264 4404 1435 4460 ratio.
1456 4404 1968 4469 Quemadmodum

315 4497 473 4568 equi.
505 4495 690 4561 bovis,
721 4494 1003 4561 hominis,
1038 4492 1524 4566 singulorumque
1543 4493 1652 4549 sub
1698 4494 1971 4551 eamdem

314 4584 654 4642 cadentium
688 4582 945 4655 speciem
978 4582 1127 4637 ratio
1153 4598 1271 4638 una
1302 4589 1416 4650 est,
1447 4589 1623 4653 atque
1647 4582 1794 4640 adeo
1810 4585 1973 4655 quid‘
2003 4604 2047 4669 ι)

314 4674 452 4746 quid
502 4674 730 4729 ratione
789 4671 1106 4744 prmditum
1164 4677 1273 4741 est,
1321 4670 1380 4726 id
1449 4674 1629 4728 etiam
1681 4674 1963 4746 proprie;

313 4765 601 4837 quidquid
635 4782 764 4820 vero
797 4781 868 4820 ea
910 4771 1090 4820 caret.
1151 4764 1212 4818 id
1265 4763 1353 4819 vel
1407 4780 1527 4820 non
1583 4765 1821 4828 dicitur.
1871 4766 1967 4823 vel

311 4872 428 4910 non
464 4856 704 4928 proprie
733 4854 982 4912 dicitur:
1020 4854 1104 4909 sic
1130 4853 1231 4909 Dei
1262 4870 1501 4926 quoque
1535 4872 1652 4911 una
1680 4857 1963 4922 essentia,

310 4950 368 5001 et
396 4950 630 5012 natura,
665 4949 721 5000 et
745 4943 1066 5014 appellatio
1097 4949 1206 5008 est,
1258 4944 1368 4999 etsi
1400 4943 1629 5000 diversa
1686 4947 1961 5003 essentia:

308 5041 654 5106 naturasque
688 5032 891 5089 habita
920 5032 1171 5100 ratione,
1224 5032 1384 5089 varia
1439 5050 1676 5105 quoque
1718 5036 1964 5092 nomina

306 5124 717 5196 excogitantur
742 5139 755 5178 :
791 5122 874 5178 ita
902 5127 968 5178 ut
994 5121 1153 5193 quod
1181 5122 1416 5195 proprie
1447 5123 1601 5178 Deus
1631 5123 1870 5190 dicitur,
1903 5124 1963 5180 id

307 5216 460 5270 Deus
484 5230 717 5286 quoque
751 5214 874 5270 sit:
916 5213 1195 5283 quodque
1244 5220 1459 5270 natura
1513 5215 1610 5281 sit,
1671 5215 1730 5271 id
1781 5216 1960 5273 etiam

304 5320 439 5359 vere
473 5304 837 5369 nominetur,
862 5302 1158 5373 siquidem
1191 5319 1310 5357 non
1346 5302 1408 5357 in
1457 5305 1821 5373 nominibus,
1856 5306 1960 5362 sed

308 5393 484 5450 rebus
540 5393 845 5450 veritatem
916 5391 1111 5448 inesse
1160 5392 1540 5448 arbitramur.
1601 5396 1702 5450 Isti
1760 5402 1959 5452 autem

307 5484 475 5542 veriti
506 5499 582 5541 ne
614 5500 736 5542 non
767 5498 1005 5540 omnem
1034 5481 1292 5555 lapidem
1340 5482 1619 5541 adversus
1652 5486 1956 5544 veritatem

377 5672 425 5709 ⁹⁰
449 5676 615 5735 Joan.
649 5686 691 5743 t,
726 5672 777 5727 t.
806 5667 851 5707 ’ί
880 5664 1035 5727 Psal.
1066 5680 1176 5739 tux,
1199 5666 1250 5721 3.

2076 598 2299 659 tentur,
2319 593 2552 663 quoties
2579 610 2646 648 eo
2681 600 2739 648 et
2758 593 2987 648 ratione
3022 598 3080 647 et
3110 592 3463 648 testimoniis
3487 590 3731 666 adigun-

2078 687 2212 736 tur:
2249 689 2307 736 at
2338 682 2783 753 homonymum.
2818 682 3063 753 soloque
3116 676 3356 736 nomine
3398 682 3727 737 communi.

2075 771 2217 826 Cum
2251 788 2387 826 vero
2420 778 2627 827 contra
2657 772 2991 826 insistimus
3024 771 3120 825 hic
3159 770 3352 826 verbis
3378 787 3390 825 ε
3416 773 3535 842 Age
3569 787 3728 837 vero,

2076 876 2149 914 an
2184 861 2335 915 Deus
2398 878 2515 916 non
2570 861 2808 933 proprie
2857 861 3009 915 Deus
3059 866 3168 925 est,
3224 860 3727 931 quemadmodum

2074 964 2269 1019 neque
2300 949 2517 1005 animal
2547 950 2700 1021 quod
2752 951 2974 1023 pictum
3036 949 3170 1005 est?
3197 950 3302 1015 Qui
3335 949 3398 1004 fit
3448 966 3604 1022 ergo,
3663 955 3732 1005 ut

2075 1039 2227 1094 Deus
2257 1038 2352 1104 sit,
2379 1040 2427 1094 si
2461 1041 2699 1111 proprie
2731 1041 2882 1094 Deus
2912 1056 3031 1094 non
3064 1046 3154 1094 est
3175 1039 3201 1093 '2

2152 1131 2219 1182 At
2241 1129 2383 1198 quid
2415 1128 3266 1199 obstat,inquiunt,quominus
3288 1134 3346 1183 et
3365 1129 3730 1201 homonyma

2074 1223 2327 1288 utraque
2354 1223 2412 1272 et
2444 1218 2680 1289 proprie
2713 1218 2987 1273 dicantur
3007 1218 3034 1273 ?
3063 1222 3252 1289 Atque
3283 1218 3454 1274 nobis
3486 1220 3544 1274 in
3599 1236 3727 1275 me-

2074 1305 2238 1361 dium
2271 1306 2576 1377 proferent
2624 1323 2833 1362 canem
2885 1313 3227 1363 terrestrem
3268 1313 3328 1362 et
3379 1309 3675 1363 marinum
3711 1323 3725 1364 :

2074 1401 2139 1449 ut
2163 1411 2293 1465 qum
2326 1395 2446 1450 sint
2475 1396 2835 1467 homonyma
2858 1402 2917 1452 et
2946 1397 3179 1468 proprie
3211 1396 3726 1452 dicantur.Homo-

2073 1483 2269 1554 nymis
2295 1484 2453 1539 enim
2487 1484 2831 1554 huiusmodi
2863 1502 3101 1556 quoque
3132 1486 3360 1558 species
3403 1502 3726 1542 accensen-

2074 1576 2191 1637 tur,
2226 1577 2283 1626 et
2308 1572 2355 1627 si
2398 1572 2540 1642 quid
2570 1574 2733 1628 aliud
2787 1574 2995 1629 eodem
3045 1575 3414 1647 significetur
3458 1576 3721 1645 nomine,

2075 1663 2206 1732 ejus
2234 1663 2475 1733 quidem
2509 1679 2577 1717 ex
2611 1681 2781 1734 inquo
2814 1666 3130 1735 particeps.
3150 1672 3362 1721 natura
3382 1683 3518 1722 vero
3541 1667 3727 1722 diver-

2074 1767 2226 1806 sum.
2261 1756 2331 1806 At
2361 1767 2494 1806 vero
2526 1752 2630 1819 ibi,
2678 1754 2826 1808 heus
2890 1760 2970 1813 tu.
3022 1755 3108 1808 vir
3137 1755 3381 1825 optime,
3414 1772 3548 1811 cum
3580 1754 3729 1811 duas

2074 1846 2320 1895 naturas
2370 1840 2577 1895 eadem
2637 1840 2745 1895 sub
2803 1843 3202 1911 appellatione
3248 1844 3728 1914 comprehendis,

2076 1929 2256 1985 aliam
2287 1928 2403 1983 alia
2429 1929 2617 1983 nihilo
2630 1930 2937 1984 meliorem
2959 1932 3287 1986 introducis
3311 1975 3324 1997 ,
3350 1934 3429 1987 ita
3449 1940 3517 1987 ut
3534 1950 3731 2005 neque

2072 2017 2250 2072 aliam
2283 2016 2399 2071 alia
2423 2017 2682 2087 priorem
2726 2022 2827 2072 aut
2854 2020 3263 2088 posteriorem,
3298 2036 3492 2089 neque
3551 2022 3731 2076 aliam

2071 2106 2259 2178 magis
2289 2112 2390 2161 aut
2420 2106 2618 2161 minus
2647 2104 2761 2161 alia
2790 2123 2919 2162 esse
2941 2108 3001 2163 id
3034 2107 3191 2179 quod
3224 2108 3443 2163 dicitur
3464 2126 3729 2165 asserere

2070 2195 2282 2267 possis.
2315 2194 2475 2249 Nihil
2535 2195 2695 2252 enim
2730 2196 3132 2269 conjungitur,
3166 2198 3325 2269 quod
3382 2197 3728 2269 hujusmodi

2073 2283 2157 2339 eis
2182 2283 2597 2340 necessitatem
2629 2285 2855 2341 afferat.
2891 2285 2994 2341 Hic
3025 2286 3182 2341 enim
3216 2304 3337 2343 non
3360 2288 3545 2359 magis
3561 2287 3725 2343 canis

2075 2381 2183 2445 est,
2217 2392 2410 2448 neque
2434 2377 2534 2432 ille
2565 2378 2767 2433 minus
2796 2377 2935 2443 alio,
2967 2378 3251 2434 nimirum
3296 2379 3564 2435 marinus
3594 2384 3721 2436 ter-

2072 2466 2268 2533 restri,
2302 2472 2407 2521 aut
2446 2468 2744 2523 terrestris
2792 2467 3045 2524 marino.
3078 2470 3224 2524 Nam
3273 2486 3379 2525 cur
3420 2468 3479 2523 id
3537 2485 3721 2540 quave

2074 2555 2305 2611 ratione
2331 2555 2484 2612 fiat?
2514 2556 2619 2612 sed
2651 2556 2825 2613 rebus
2883 2558 3214 2629 aequalibus
3270 2564 3447 2631 atque
3479 2559 3727 2615 diversis

2073 2646 2281 2703 eadem
2312 2647 2639 2719 appellatio
2672 2648 3152 2705 tribuitur.l\'unc
3184 2655 3383 2704 autem
3415 2665 3550 2705 cum
3584 2648 3730 2705 ado-

2069 2736 2366 2792 rationem
2403 2738 2521 2792 Deo
2571 2736 2902 2809 adjudices,
2927 2754 3181 2808 eumque
3216 2754 3345 2793 esse
3386 2738 3572 2807 dicas,
3630 2736 3731 2809 qui

2072 2832 2353 2882 naturam
2385 2842 2627 2881 omnem
2658 2831 2992 2898 exsuperet.
3025 2826 3183 2896 quod
3215 2843 3404 2882 unum
3439 2828 3545 2883 Dei
3596 2842 3735 2898 pro-

2072 2916 2294 2987 prium,
2352 2914 2649 2987 velutique
2705 2922 2917 2972 natura
2986 2915 3314 2972 divinitatis
3370 2921 3481 2984 est,
3512 2914 3731 2971 deinde

2075 3005 2232 3060 Patri
2266 3005 2505 3077 quidem
2538 3004 2597 3060 id
2630 3005 2856 3062 tribuas
2891 3023 3007 3077 quo
3068 3006 3283 3061 Filium
3340 3006 3557 3078 prives,
3616 3005 3737 3061 imo

2075 3094 2233 3149 Patri
2276 3094 2580 3165 subjicias,
2615 3095 2788 3167 eique
2836 3095 2995 3151 velut
3045 3095 3463 3151 secundarium
3504 3093 3579 3151 ab
3631 3094 3735 3150 illo

2080 3183 2343 3239 ascribas
2373 3184 2662 3239 honorem
2694 3184 3183 3241 etadorationem
3208 3202 3221 3250 ;
3256 3190 3456 3241 tamen
3487 3183 3733 3256 syllabis

2080 3273 2225 3345 ipsis
2242 3273 2304 3328 τὸ
2345 3272 2563 3344 ὅμοιον,
2587 3291 2690 3330 seu
2723 3276 3180 3332 similitudinem
3213 3276 3264 3332 ei
3293 3275 3621 3335 tribuas.re
3643 3279 3735 3329 ta-

2080 3380 2217 3419 men
2240 3364 2368 3435 ipsa
2390 3364 2756 3419 divinitatem
2814 3366 3176 3433 conscindis,
3212 3364 3627 3434 malitioseque
3657 3362 3730 3418 ab

2080 3452 2463 3523 homonymia
2485 3452 2883 3523 a-qualitatem
2909 3453 3329 3525 designans.ad
3344 3470 3472 3508 eam
3490 3452 3736 3519 transis,

2081 3558 2210 3613 quas
2245 3540 2557 3612 intrqualia
2589 3547 2843 3613 cooptet,
2883 3542 2963 3597 ita
2993 3548 3059 3597 ut
3089 3548 3143 3597 te
3166 3541 3369 3614 judice
3429 3544 3620 3612 pictus
3650 3542 3728 3595 vi-

2080 3647 2339 3701 vensque
2364 3631 2559 3686 homo.
2583 3638 2761 3700 atque
2779 3647 2956 3686 canes
2989 3631 3075 3685 illi
3101 3648 3249 3700 quos
3263 3630 3517 3700 exempli
3546 3629 3735 3700 gratia

2079 3720 2139 3775 in
2169 3720 2431 3775 medium
2464 3719 2875 3792 protulisti.ad
2907 3719 3274 3773 divinitatem
3303 3717 3547 3787 propius
3570 3733 3734 3771 acce-

2079 3808 2259 3863 dant:
2292 3809 2378 3863 vel
2414 3808 2705 3864 ambobus
2735 3813 2794 3860 ut
2830 3805 3241 3876 appellationis
3264 3805 3735 3877 homonymiam,

2076 3897 2159 3951 ita
2232 3901 2584 3949 naturarum
2639 3909 2873 3962 uuoque
2934 3893 3333 3962 mqualitatem
3400 3893 3731 3965 concedito,

2078 3982 2407 4055 quamlibet
2436 3998 2537 4037 eas
2570 3981 2912 4037 dilTerentes
2944 3982 3373 4050 introducas,et
3398 4001 3574 4040 canes
3598 3983 3733 4040 illos

2077 4070 2417 4129 dissolvisti.
2444 4088 2593 4143 quos
2613 4071 2686 4127 ad
2711 4072 3174 4142 inmqualitatem
3197 4073 3565 4145 probandam
3579 4092 3732 4130 com-

2078 4167 2315 4219 menius
2350 4177 2432 4216 es.
2466 4163 2610 4217 Nam
2634 4160 2777 4233 quid
2800 4160 3185 4234 homonymia
3217 4180 3321 4219 seu
3372 4165 3633 4220 nominis
3651 4165 3732 4220 si-

2080 4249 2349 4308 militudo
2385 4251 2726 4323 prosit,uisi
2758 4267 2825 4305 ea
2856 4268 2987 4321 qua:
3027 4252 3239 4308 dividis
3270 4271 3467 4325 parem
3492 4255 3736 4310 honoris

2078 4340 2326 4415 gradum
2357 4340 2990 4411 obtineantsiquidem
3023 4360 3142 4398 non
3176 4349 3240 4398 ut
3265 4343 3513 4415 mqualia
3535 4351 3735 4400 osten-

2081 4431 2271 4495 deres,
2305 4430 2408 4486 sed
2437 4436 2503 4486 ut
2552 4429 2888 4502 inaequalia.
2943 4430 3016 4486 ad
3074 4431 3415 4503 hujusmodi
3449 4432 3735 4505 homony-

2082 4519 2263 4575 miam
2287 4536 2582 4593 canesque
2615 4519 2948 4591 confugisti.

2754 4607 2909 4661 CAP.
2943 4608 3050 4663 LX.

2073 4694 2276 4751 Filium
2308 4714 2430 4753 vere
2462 4699 2630 4752 Deum
2666 4712 2795 4769 esse,
2828 4713 2897 4751 ea:
2928 4696 3115 4752 eadem
3164 4699 3229 4753 B.
3264 4698 3517 4769 Gregorii
3559 4700 3734 4757 Theo-

2698 4768 2813 4838 loyi
2838 4772 3104 4824 oratione.

2141 4860 2228 4913 41.
2265 4859 2760 4930 Quandoquidem
2819 4876 2928 4915 nos
2977 4878 3047 4916 ex
3106 4863 3335 4935 magnis
3367 4868 3427 4919 et
3482 4863 3729 4919 excelsis

2071 4950 2312 5005 vocibus
2343 4950 2717 5006 divinitatem
2752 4950 2881 5005 Filii
2942 4951 3444 5023 deprehendimus
3495 4960 3555 5007 et
3582 4972 3729 5026 prm-

2070 5040 2361 5108 dicamus,
2388 5040 2477 5097 his
2509 5041 2825 5097 nimirum:
2860 5042 3013 5097 Deus
3036 5042 3294 5097 Verbum
3325 5043 3385 5098 in
3408 5041 3725 5113 principio,

2070 5146 2202 5186 cum
2238 5131 2535 5204 principio
2568 5131 2928 5203 principium
2960 5148 2972 5186 :
3007 5134 3071 5188 In
3107 5134 3393 5202 principio
3437 5139 3557 5187 erat
3593 5135 3730 5187 Ver-

2071 5220 2219 5288 bum,
2256 5221 2489 5277 Verbum
2536 5228 2653 5276 erat
2691 5223 2842 5290 apud
2895 5223 3082 5287 Deum,
3144 5228 3197 5275 et
3251 5223 3389 5276 Deus
3431 5227 3549 5276 erat
3612 5224 3733 5276 Ver-

2069 5308 2193 5364 hum
2222 5310 2290 5365 9°.
2325 5312 2412 5367 Et.
2442 5313 2636 5365 Tecum
2662 5312 3007 5381 principium
3034 5308 3102 5364 θι.
3163 5311 3232 5364 Et
3287 5326 3501 5365 vocans
3533 5311 3726 5381 ipsum

2068 5398 2479 5472 [principium]
2512 5417 2545 5452 ει
2572 5400 3056 5471 generationibus
3103 5400 3390 5471 antiquis.
3434 5401 3723 5465 Quoniam

2065 5487 2245 5545 Filius
2274 5489 2640 5559 unigenitus,
2671 5491 2988 5559 unigenitus
3020 5492 3217 5560 Filius,
3266 5492 3364 5562 qui
3393 5497 3472 5547 est
3498 5490 3557 5547 in
3584 5496 3716 5547 sinu
