4058 6212
455 397 612 460 1431
1778 382 2090 448 ΝΙΟΕΤιΕ
2131 377 2554 445 ΟΗΟΝῙΑΤᾸΞ
3729 373 3844 440 H32

456 529 660 598 Patris,
719 525 837 598 ipse
899 524 1184 580 enarravit
1239 523 1303 578 ⁸³.
1387 522 1516 588 Via,
1581 517 1820 576 Veritas.
1883 518 2012 575 Vita
2059 514 2107 552 ⁸³
2137 520 2189 586 Α

468 620 592 676 Lux
621 617 689 686 °‘,
723 614 1048 689 Sapientia,
1081 613 1280 669 Virtus
1315 628 1328 667 :
1363 611 1632 678 Christus,
1687 612 1785 665 Dei
1831 609 2040 676 Virtus,
2071 613 2122 662 et

467 711 568 765 Dei
596 707 872 778 sapientia
899 703 966 762 οδ.

541 814 854 888 Splendor,
907 813 1224 869 Character
1279 828 1384 868 seu
1435 811 1666 884 Figura,
1698 810 1918 881 Imago,
1951 805 2120 878 Sigil-

463 905 590 962 lum
616 923 630 960 :
657 907 766 972 Qui
788 921 909 961 cum
937 906 1008 960 sit
1038 903 1300 974 splendor
1326 901 1522 972 gloria:
1551 907 1603 956 et
1639 903 1823 972 ﬁgura
1873 899 2123 954 substan-

470 997 560 1050 tiae
589 997 708 1066 ejus
736 992 804 1048 9‘.
828 994 898 1048 Et
930 1009 944 1048 :
1004 995 1195 1062 Imago
1255 992 1515 1046 bonitatis
1545 991 1662 1061 ejus
1691 989 1753 1046 9".
1787 990 1857 1042 Et
1894 1003 1907 1042 :
1966 989 2123 1042 Hunc

465 1087 611 1142 enim
639 1083 882 1156 signavit
914 1085 1053 1139 Deus
1075 1082 1145 1140 93.

537 1192 844 1260 Dominus,
879 1193 1022 1258 Rex,
1044 1189 1154 1255 Qui
1186 1193 1275 1244 est
1303 1188 1714 1260 omnipotens:
1763 1187 1914 1242 Pluit
1936 1183 2124 1240 Domi-

466 1298 570 1340 nus
606 1283 788 1352 ignem
818 1297 852 1337 a
874 1281 1106 1336 Domino
1135 1277 1205 1333 99.
1241 1279 1341 1333 Et:
1393 1278 1566 1346 Virga
1595 1275 1936 1341 directionis,
1967 1274 2126 1342 virga

467 1373 624 1444 regni
653 1372 794 1427 tui'.
835 1371 942 1425 Et:
992 1369 1097 1435 Qui
1141 1374 1239 1433 est,
1294 1367 1393 1438 qui
1421 1371 1563 1433 erat,
1616 1371 1668 1419 et
1721 1363 1822 1434 qui
1866 1369 2125 1418 venturus

469 1468 547 1518 est
577 1462 620 1531 ³,
645 1466 702 1517 et
731 1461 1130 1532 omnipotens,
1163 1457 1474 1529 perspicue
1524 1457 1596 1511 de
1653 1454 1802 1510 Filio
1859 1453 2037 1522 dicta,
2071 1457 2129 1507 et

2883 539 3044 598 CAP.
3075 539 3216 596 LXI.

2227 685 2548 756 Explicatio
2579 685 2748 756 hujus
2791 685 3099 756 Scripturw
3141 683 3246 738 loci
3277 697 3292 735 :
3320 703 3351 731 «
3422 681 3846 745 Quemadmodum

2308 760 2657 790 Πηοωηυηηαη
2693 757 2851 790 ιιι-λοι
2880 759 2936 790 ἐν.
2969 757 3139 790 ροςηεη
3211 755 3290 790 ira
3346 753 3519 790 dedit
3557 759 3609 790 nl
3641 753 3758 790 ρηνη
3780 757 3840 790 m’.

2301 753 2469 814 Pater
2488 753 2664 812 vitam
2689 757 2852 813 habet
2880 753 2939 811 in
2967 757 3160 826 seipso,
3211 755 3292 808 ita
3345 753 3519 808 dedit
3557 759 3609 807 et
3635 753 3758 808 Fitzo
3780 757 3840 809 vi-

2302 836 2415 884 tam
2441 829 2641 884 habere
2671 831 2731 884 in
2759 831 2938 900 seipso
2965 825 3008 881 ³.
3035 849 3064 877 ››
3127 825 3400 894 Theologi
3431 841 3506 880 ea:
3569 826 3776 881 secunda
3795 827 3840 881 de

2300 901 2445 956 Filio
2475 903 2746 956 oratione.

2346 901 2445 957 ilio
2475 903 2746 958 oratione.

2301 1040 2391 1094 42.
2425 1038 2707 1104 Quintum
2737 1037 2989 1106 dicatur,
3023 1035 3180 1108 quod
3212 1035 3340 1107 ipse
3387 1033 3574 1088 vitam
3609 1033 3838 1104 autjudi-

2233 1128 2388 1184 cium
2414 1127 2684 1200 accipiat,
2727 1126 2818 1182 vel
2865 1125 3272 1182 haereditatem
3316 1123 3622 1197 gentium,
3659 1122 3832 1195 velpo-

2230 1222 2502 1274 testatem
2537 1215 2732 1273 omnis
2762 1215 2978 1284 carnis,
3002 1214 3093 1271 vel
3117 1213 3400 1288 gloriam,
3426 1213 3518 1269 vel
3553 1212 3822 1284 discipulos,

2232 1307 2320 1364 vel
2353 1324 2722 1380 quacunque
2771 1308 3068 1375 dicuntur,
3115 1321 3303 1377 eaque
3369 1303 3446 1360 de
3505 1303 3822 1358 humanitate.

2233 1399 2397 1466 Quod
2429 1399 2476 1455 si
2509 1399 2580 1456 de
2610 1400 2729 1456 Deo
2760 1414 2995 1470 quoque
3025 1397 3186 1453 dicta
3234 1412 3370 1452 esse
3404 1396 3699 1462 concedas,
3721 1395 3830 1450 nihil

2234 1489 2616 1545 absurditatis
2641 1488 2819 1545 inest.
2839 1489 3042 1559 Neque
3091 1487 3250 1542 enim
3305 1493 3590 1558 tanquam
3632 1484 3836 1540 ascititia

473 1557 688 1608 caatera
707 1568 838 1622 qum
869 1557 1010 1606 sunt
1042 1549 1312 1621 ejusdem
1343 1545 1790 1620 signiﬁcationis
1822 1560 1836 1600 :
1875 1543 2128 1615 quorum

477 1641 708 1698 nullum
739 1639 1063 1696 ascititium
1094 1643 1204 1704 est,
1238 1652 1432 1708 neque
1463 1633 1759 1707 posterius
1779 1633 2126 1705 adjunctum

475 1731 626 1786 Filio
657 1735 758 1785 aut
814 1726 1078 1799 Spiritui,
1114 1731 1180 1781 ut
1225 1742 1336 1782 nec
1388 1725 1502 1797 ipsi
1560 1723 1736 1780 Patri.
1771 1723 1937 1789 Quod
1967 1723 2127 1778 enim

474 1818 805 1890 perfectum
835 1821 944 1880 est,
1004 1815 1064 1870 id
1105 1815 1444 1871 accessione
1493 1830 1613 1868 non
1661 1817 1912 1870 constat.
1969 1813 2126 1867 Nun-

2235 1578 2540 1650 concedes,
2576 1579 2682 1634 sed
2713 1585 2996 1650 tanquam
3029 1591 3101 1632 ea
3129 1592 3261 1647 quae
3290 1575 3367 1631 ab
3398 1577 3570 1632 initio
3603 1576 3834 1640 inessent,

2233 1675 2408 1742 atque
2430 1668 2576 1725 adeo
2607 1675 2857 1738 naturae,
2887 1683 3013 1722 non
3035 1671 3234 1722 autem
3259 1667 3468 1739 gratias
3499 1666 3725 1721 ratione.

2847 1811 3039 1868 Sancti
3064 1811 3277 1880 Cyrilli.

476 1923 658 2009 Enim
690 1907 851 1964 enim
880 1905 994 1961 fuit
1041 1904 1172 1960 Sine
1229 1904 1441 1972 verho’
1495 1919 1804 2005 "utiquam
1852 1919 2000 2009 non,
2027 1901 2140 2009 {im
2168 1901 2216 1964 Β
2323 1941 2413 1995 43.
2449 1937 2798 1999 Verbailla:
2827 1940 2946 2009 Ego
2975 1940 3098 1994 viro
3125 1945 3356 2009 propter
3389 1938 3597 1992 Patrem
3617 1933 3654 2004 ⁴,
3679 1931 3840 1990 haud-

473 1999 670 2065 Pater,
691 2011 1001 2068 nunquam
1018 2012 1140 2051 non
1158 2011 1480 2064 verus,non
1495 1997 1756 2066 sapiens,
1771 2009 1891 2048 non
1906 1997 2142 2064 potens,

481 2102 791 2159 nunquam
820 2087 958 2157 vita,
1002 2090 1105 2142 aut
1135 2084 1456 2158 splendore
1489 2089 1592 2140 aut
1642 2083 1908 2140 bonitate
1941 2098 2140 2155 egens.

549 2197 676 2252 1am
698 2211 838 2251 vero
871 2199 937 2249 tu
965 2194 1114 2250 mihi
1143 2192 1424 2259 vicissim,
1450 2193 1630 2248 verba
1659 2191 1973 2263 imperitiae
2025 2196 2142 2246 tum

487 2289 817 2354 recenseto,
847 2299 1083 2356 nempe,
1117 2284 1252 2339 Deus
1300 2299 1471 2347 meus,
1520 2290 1572 2338 et
1620 2283 1762 2337 Deus
1799 2289 1989 2345 vester,
2022 2282 2144 2336 Ma-

475 2377 594 2448 jor,
620 2372 856 2443 Creavit,
889 2376 1056 2441 Fecit,
1090 2372 1486 2443 Sanctiﬁcavit.
1521 2371 1705 2432 Adde,
1753 2372 1802 2427 si
1865 2369 2023 2435 velis,
2084 2375 2144 2425 et

485 2465 649 2522 hmo:
682 2465 898 2532 Seruus,
959 2463 1263 2533 Subjevtus,
1323 2463 1506 2532 Dedit,
1546 2461 1770 2516 Didicit.
1819 2459 2142 2515 Mandatum

489 2559 722 2627 accepit,
745 2556 936 2611 Missus
961 2560 1060 2610 est.
1090 2553 1254 2621 Quod
1282 2553 1462 2608 etiam
1491 2551 1640 2608 nihil
1667 2567 1702 2606 a
1733 2552 1906 2621 seipse
1933 2553 2137 2620 facere,

482 2651 580 2703 aut
609 2647 808 2710 dicere,
841 2648 937 2700 aut
971 2645 1249 2714 judicare,
1299 2650 1395 2699 aut
1433 2643 1660 2710 donare,
1700 2648 1796 2698 aut
1851 2643 1987 2698 velle
2016 2657 2141 2714 pos-

486 2739 576 2794 sit.
603 2734 826 2802 Quibus
851 2740 910 2790 et
941 2735 1067 2790 hmo
1097 2733 1288 2806 adjice
1323 2735 1764 2803 :Ignorantiam,
1825 2733 2136 2802 Subjectio-

479 2842 624 2894 nem,
703 2827 1115 2894 Precationem,
1199 2823 1693 2894 lnterrogationem
1717 2866 1732 2890 ,
1795 2823 2132 2892 Profeclum,

481 2919 901 2988 Perfectionem.
933 2916 1056 2972 lmo
1088 2931 1226 2970 vero
1259 2915 1306 2971 si
1345 2913 1560 2987 placet,
1594 2913 1667 2969 iis
1697 2929 1932 2983 quoque
1968 2912 2134 2983 abjeo

477 3007 666 3064 ctiora
695 3023 944 3064 accense
971 3024 984 3062 :
1027 3007 1300 3074 Dormire,
1333 3005 1550 3072 Eurire,
1581 3004 1924 3073 Defatigari,
1957 3005 2131 3070 Flere,

477 3095 643 3166 Angi,
676 3096 1055 3152 Succumbere.
1091 3095 1378 3151 Fortassis
1409 3092 1659 3165 objicies
1688 3097 1744 3148 et
1802 3107 2041 3148 crucem
2073 3099 2132 3149 et

471 3190 747 3244 mortem.
775 3187 918 3242 Nam
941 3184 1438 3240 resurrectionem
1493 3188 1551 3238 et
1581 3198 1894 3238 ascensum
1926 3181 1988 3236 in
2019 3198 2130 3237 cm-

2315 3169 2405 3223 44.
2437 3167 2817 3237 Qumcunque
2847 3164 3033 3222 Filius
3051 3169 3110 3220 et
3139 3165 3398 3236 Spiritus
3428 3163 3683 3219 habent.a
3698 3160 3826 3253 Deira

475 3274 562 3330 los
592 3276 1102 3346 praetermissurus
1151 3274 1299 3330 mihi
1348 3272 1566 3329 videris
1601 3289 1615 3340 ;
1649 3271 2131 3344 quandoquidem

2251 3255 2497 3318 habent.
2530 3261 2706 3326 atque
2737 3255 2936 3326 ipsum
2965 3255 3146 3310 etiam
3167 3252 3329 3324 quod
3362 3257 3522 3309 sunt.
3555 3251 3672 3306 Nam
3695 3245 3735 3300 si
3757 3245 3824 3346 ni-

475 3333 748 3417 nonhihil
775 3363 836 3418 in
864 3364 938 3418 iis
969 3363 1285 3434 reperitur,
1319 3362 1479 3434 quod
1527 3333 1701 3418 nobis
1761 3333 2134 3434 suffragetur.
2179 3333 2208 3336 τ
2251 3349 2337 3403 hil
2368 3347 2692 3420 quidquam
2708 3349 2883 3404 Pater
2902 3346 3252 3414 habeat,nec
3277 3344 3470 3401 Filius
3487 3333 3831 3416 quidemquid‘

478 3449 656 3506 Plura
707 3451 800 3505 his
859 3433 1053 3507 etiam
1105 3433 1521 3519 deblaterabis,
1584 3452 1634 3508 si
1709 3433 2131 3524 homonjmum

2251 3453 2433 3509 quam
2493 3436 2694 3504 habet,
2743 3453 2858 3492 nec
2913 3436 3164 3509 Spiritus
3219 3437 3520 3502 sanctus;
3571 3439 3621 3488 et
3641 3433 3837 3502 propter

481 3541 669 3596 Deum
700 3543 869 3596 tuum
900 3545 959 3596 et
979 3539 1377 3610 ascriptitium
1425 3541 1786 3597 constituere
1841 3519 2003 3610 velis,
2038 3534 2140 3613 qui
2250 3533 2512 3598 Patrem,
2537 3529 2596 3584 id
2629 3535 2740 3598 est,
2772 3529 2911 3601 (μιίᾶ
2940 3530 3116 3586 Pater
3161 3535 3273 3596 δεῖ,
3303 3527 3489 3584 Filius
3515 3537 3716 3598 quoque
3741 3519 3838 3592 δΡί·

482 3632 656 3688 nobis
687 3636 746 3688 et
763 3647 935 3688 verus
958 3636 1018 3686 et
1048 3630 1316 3704 ejusdem
1337 3647 1471 3687 cum
1503 3633 1672 3687 Patre
1703 3633 2003 3705 dignitatis
2034 3634 2131 3689 ha-

2249 3619 2519 3690 ritusque
2549 3624 2790 3674 sanctus
2817 3622 2958 3674 sunt
2991 3635 3005 3683 ;
3021 3619 3193 3689 juxta
3224 3615 3374 3672 illud
3399 3635 3413 3672 :
3453 3617 3578 3672 Viro
3623 3627 3709 3681 ego
3725 3622 3836 3679 pro-

483 3722 677 3778 betur.
1076 3698 1096 3704 ⁷
1766 3698 1790 3705 ⁷
2243 3714 2372 3779 pter
2390 3710 2631 3768 Patrem,
2663 3707 2782 3762 sive
2814 3707 2954 3778 quia
3013 3706 3152 3762 vivit
3200 3707 3394 3771 Pater,
3430 3711 3485 3760 et
3511 3706 3720 3775 propter
3759 3698 3840 3752 Pa-

556 3831 780 3886 Horum
814 3829 972 3886 enim
1004 3826 1474 3900 unumquodque
1498 3827 1668 3885 facile
1702 3828 1806 3884 tibi
1839 3829 2018 3885 fuerit
2045 3846 2140 3885 re-
2248 3802 2402 3900 Hem
2435 3797 2699 3900 “H113.”
2728 3797 2980 3900 ἓρῖήξυδ
3013 3803 3256 3900 sancta?
3297 3793 3544 3900 minimi.
3569 3789 3624 3844 id
3651 3793 3730 3900 ait
3749 3784 3833 3900 ἱ

482 3919 738 3993 petendo
770 3919 844 3976 ad
877 3920 1112 3992 pietatis
1172 3880 1435 3993 regulam
1483 3880 1855 3986 examinare,
2245 3886 2351 3993 Ψδ
2380 3903 2511 3958 qum
2537 3884 2916 3993 {aterffam
2935 3880 3814 3993 mpear

481 3961 724 4082 {umque
759 3961 989 4073 tollere,
1013 4011 1062 4064 si
1095 3961 1274 4081 quer;
1324 4009 1432 4064 tibi
1493 4009 1668 4066 verba
1698 4009 1778 4081 inj
1791 3961 2071 4073 ecerintfl
2089 4010 2137 4065 si
2252 3977 2404 4082 Eicas
2424 3993 2527 4078 se?“
2551 3975 2885 4048 ﬁguratius
2901 3973 3504 4082 Ρτθθτίθιῆίθδςῇδῳθ
3520 3961 3826 4082 ἡδεῖ’Ξὲὶο

483 4051 724 4082 quue
761 4051 989 4073 ,υμνηη
1014 4051 1062 4064 υ.
1097 4051 1274 4081 νυ...
1329 4051 1432 4064 ...η
1502 4051 1668 4066 ων..
1698 4051 2038 4081 "uectum,
2089 4051 2131 4065 υ.

483 4099 691 4156 saltem
725 4114 927 4154 revera
955 4099 1298 4170 impegeris,
1331 4114 1441 4154 nec
1470 4097 1624 4154 ultro
1655 4098 1716 4154 id
1746 4098 1954 4171 ﬂagitii
1986 4117 2131 4156 comi

2247 4065 2348 4124 dat
2378 4066 2606 4122 ratione
2636 4082 2830 4122 causae
2862 4071 3146 4136 paternce.
3177 4063 3457 4136 Accipere
3483 4063 3665 4116 autem
3684 4051 3844 4110 Filius

2289 4162 2298 4171 .
2333 4157 2365 4171 ι·-
2417 4156 2428 4168 ο
2471 4156 2504 4171 ι,
2765 4162 2776 4171 .
2907 4156 2944 4171 ι·
3075 4161 3085 4171 .
3299 4170 3302 4171 ,
3365 4158 3452 4171 .-η
3481 4155 3683 4171 ..-ιη-μ
3705 4143 3820 4171 ιλιι-ι

2249 4162 2308 4211 et
2333 4156 2584 4228 Spiritus
2616 4162 2858 4213 sanctus
2888 4156 3189 4224 dicuntur,
3212 4158 3457 4228 propter
3480 4155 3686 4206 natura:
3705 4143 3850 4199 iden-

2249 2043 2548 2102 quaquam
2579 2027 2827 2084 diversm
2858 2027 3204 2084 substantia:
3245 2026 3450 2083 Filium
3496 2025 3838 2086 constituunt,

2248 2119 2351 2175 sed
2383 2119 2580 2192 potius
2603 2115 3666 2182 consubstantialem.Quemadmodum
3695 2113 3834 2169 enim

2251 2209 2298 2264 si
2330 2207 2464 2280 quis
2499 2207 2654 2264 filius
2686 2207 2948 2262 hominis
3009 2205 3200 2262 dicat:
3227 2205 3355 2260 Sum
3395 2203 3625 2258 rationis
3660 2201 3836 2272 parti-

2248 2315 2386 2371 ceps
2409 2303 2650 2371 propter
2679 2303 2934 2370 patrem,
2971 2297 3092 2352 sive
3125 2296 3252 2367 quia
3275 2299 3427 2366 pater
3443 2307 3597 2348 meus
3613 2289 3819 2345 ratione

2247 2387 2532 2461 praeditus
2566 2392 2676 2456 est,
2709 2388 2792 2442 ita
2822 2387 3002 2442 etiam
3035 2385 3215 2442 Filius
3243 2389 3298 2440 et
3335 2384 3511 2439 Deus:
3552 2380 3700 2448 Vivo,
3737 2377 3819 2431 in-

2247 2478 2394 2548 quit,
2438 2493 2565 2550 ego,
2601 2476 2740 2548 quia
2785 2475 2925 2530 vivit
2961 2477 3156 2532 Pater.
3204 2474 3482 2529 Caeterum
3529 2464 3829 2540 hujusmodi

2247 2566 2519 2622 oratione
2550 2572 2857 2638 paternam
2891 2580 3127 2622 causam
3168 2562 3350 2619 Filius
3389 2567 3443 2616 et
3471 2558 3698 2614 Verbum
3716 2571 3830 2628 pero

2246 2657 2510 2730 spicuam
2534 2655 2694 2724 fecit,
2727 2661 2904 2728 atque
2961 2655 3224 2726 ipsarum
3268 2652 3436 2708 etiam
3489 2649 3835 2720 hypostaseou

2243 2746 2569 2802 discrimen
2596 2763 2609 2800 :
2642 2761 2717 2801 ne
2749 2745 2883 2816 quis
2911 2745 3144 2800 ratione
3177 2748 3396 2798 mutum
3417 2739 3636 2794 illorum
3659 2735 3714 2791 in
3730 2751 3834 2790 om-

2241 2835 2420 2892 nibus
2451 2835 2804 2908 aequalitatis
2837 2839 2895 2890 et
2935 2833 3267 2890 identitatis
3314 2846 3488 2886 unam
3519 2843 3636 2884 esse
3676 2841 3836 2898 perso-

2241 2941 2380 2982 nam
2411 2925 2730 2980 existimet'

2736 3029 2792 3087 S.
2839 3031 3065 3088 Joannis
3095 3028 3431 3086 Damasceni.

481 4205 742 4246 miseris.
2253 4205 2307 4211 ν-
2334 4205 2499 4228 ττ---π

551 4303 614 4311 -..
738 4305 747 4311 .
1183 4298 1194 4310 .
1403 4298 1418 4311 .
1485 4299 1500 4311 .
2016 4300 2026 4311 .
2248 4248 2499 4303 titatem.

551 4303 624 4402 Ut
653 4305 860 4402 autem.
883 4315 1008 4402 rem
1022 4298 1230 4402 paucis
1253 4298 1767 4402 concludam,qum
1788 4299 2140 4402 sublimiora
2256 4298 2376 4302 "m—
2895 4345 3052 4401 (Ἆρ’
3086 4343 3233 4400 LX”

483 4395 642 4460 sunt,
674 4407 745 4446 ea
790 4389 865 4444 ad
921 4389 1292 4445 divinitatem
1350 4391 1526 4460 refer,
1556 4406 1806 4460 eamque
1837 4396 2134 4459 naturam,
2897 4385 3052 4401 “‘“'
3086 4385 3254 4400 ωιιη

484 4497 615 4552 qum
642 4481 714 4536 ab
730 4479 1009 4536 omnibus
1039 4480 1338 4554 corporeis
1359 4479 1910 4552 perturbationibus
1927 4480 2136 4537 immu-
2389 4482 2579 4551 Magni
2602 4479 2852 4552 Gregorii
2894 4478 3151 4566 Theologi
3173 4497 3196 4534 :
3220 4479 3296 4534 De
3321 4477 3464 4534 Filii
3504 4493 3538 4532 a
3569 4476 3715 4531 Patre

2935 4568 3208 4608 τηιεςιοηε.

484 4573 580 4628 nis
605 4578 715 4628 est.
749 4573 887 4636 Qum
931 4588 1066 4627 vero
1119 4577 1258 4628 sunt
1307 4572 1646 4640 humiliora,
1707 4589 1777 4628 ea
1806 4574 2135 4646 composito

487 4661 744 4727 ascribe,
777 4661 949 4732 eique
983 4663 1084 4733 qui
1117 4667 1360 4734 propter
1391 4669 1449 4718 te
1477 4664 1814 4720 exinanitus
1871 4669 1980 4730 est,
2013 4681 2141 4720 car-
2175 4649 2222 4712 Ι)
2326 4680 2414 4734 45,
2484 4677 2694 4734 Missus
2743 4677 2982 4750 quidem
3043 4680 3152 4742 est,
3211 4681 3270 4731 at
3321 4679 3388 4730 ut
3435 4675 3634 4730 homo.
3670 4667 3867 4740 Duplex

489 4766 747 4822 nemque
779 4751 1125 4822 assumpsit,
1149 4757 1228 4819 et,
1275 4769 1350 4807 ne
1399 4752 1543 4823 quid
1575 4752 1865 4824 abjectius
1921 4753 2131 4824 dicam,

2253 4768 2410 4824 enim
2437 4773 2565 4824 erat
2597 4785 2612 4824 :
2647 4766 3132 4840 quandoquidem
3191 4765 3467 4820 defessus
3509 4765 3638 4825 fuit,
3661 4757 3867 4817 esui-iit.

484 4841 664 4898 homo
695 4841 886 4898 factus
918 4847 1028 4897 est.
1061 4841 1284 4897 Deinde
1315 4859 1450 4898 vero
1483 4842 1773 4898 exaltatus
1821 4842 1999 4900 etiam
2027 4850 2137 4913 est,
2253 4857 2420 4928 sitm,
2453 4857 2664 4913 anxius
2717 4857 2852 4919 fuit,
2902 4856 3064 4912 ﬂevit
3113 4853 3236 4927 lege
3297 4854 3606 4927 corporis;
3641 4848 3791 4923 quod
3833 4845 3871 4900 si

485 4937 552 4988 ut
583 4931 922 5010 carnalibus
952 4931 1082 4988 istis
1111 4931 1395 5004 humique
1453 4932 1802 5005 repentibus
1847 4933 2138 5006 dogmatis
2251 4946 2430 5001 etiam
2473 4952 2541 5002 ut
2568 4947 2741 5010 Deus,
2793 4945 2938 5016 quid
2985 4944 3144 4999 hoc?
3194 4943 3642 5014 Beneplacitum
3689 4936 3876 5002 Patris,

482 5025 605 5081 tuis
658 5024 904 5098 ιοηευω
959 5025 1318 5093 νᾶίθάὶοθηε,
1362 5025 1675 5081 ευδὶίῐηίοι·
1733 5040 1860 5080 esse
1919 5025 2136 5092 discas.
2250 5036 2596 5092 missionem
2625 5051 2755 5092 esse
2781 5039 2991 5106 reputa
3025 5050 3038 5088 :
3068 5030 3144 5088 ad
3173 5048 3352 5103 quem
3385 5048 3497 5088 sua
3529 5031 3714 5103 ipsius
3737 5040 3879 5082 acce-

481 5121 660 5188 atque
684 5115 758 5173 ad
789 5115 1161 5174 divinitatem
1193 5117 1541 5184 ascendere,
1575 5132 1697 5174 non
1727 5123 1926 5174 autem
1958 5117 2136 5174 rebus
2247 5131 2351 5196 pta
2377 5124 2580 5187 refert,
2611 5129 2739 5179 tum
2769 5130 2837 5178 ut
2864 5121 3156 5194 principio
3215 5121 3375 5192 quod
3423 5119 3593 5175 nullo
3638 5123 3880 5187 tempore

477 5208 551 5264 iis
581 5223 714 5280 quis
745 5206 854 5264 sub
885 5214 1192 5280 aspectum
1251 5205 1472 5264 cadunt
1520 5207 1850 5276 immoreis,
1883 5208 1987 5264 sed
2020 5225 2140 5264 una
2249 5214 2428 5286 coepit
2455 5213 2740 5268 honorem
2771 5211 3018 5274 deferat,
3053 5219 3177 5266 tum
3217 5225 3293 5266 ne
3355 5210 3473 5264 Deo
3503 5206 3796 5264 adversari
3813 5202 3884 5256 vi-

478 5314 614 5355 cum
637 5300 710 5356 iis
736 5315 868 5370 qum
893 5302 1094 5355 mente
1127 5297 1540 5372 percipiuntur
1567 5297 2138 5370 subvehariszatque
2250 5303 2480 5366 deatur,
2515 5301 2998 5376 quandoquidem
3053 5299 3324 5371 proditus
3379 5314 3625 5370 quoque
3667 5293 3882 5356 dicitur,

479 5387 628 5483 adeo
661 5405 1008 5462 cognoscas,
1041 5405 1320 5459 quaenam
1351 5389 1446 5445 lex
1476 5394 1988 5460 naturas,queque
2009 5405 2136 5444 car—
2251 5396 2372 5452 imo
2402 5411 2540 5452 vero
2573 5396 2837 5467 seipsum
2870 5390 3154 5464 prodidit,
3183 5396 3251 5446 ut
3282 5389 3576 5461 scriptum
3607 5393 3738 5453 est;
3767 5384 3884 5439 item

483 5476 578 5526 nis
601 5493 638 5532 a
665 5478 896 5539 Christo
931 5484 1252 5552 assumptus
1283 5479 1432 5537 ratio
1464 5481 1561 5538 sit.
2248 5501 2286 5542 a
2314 5487 2486 5542 Patre
2520 5483 2838 5542 suscitatus
2866 5487 2929 5537 et
2967 5483 3308 5550 assumptus
3333 5485 3458 5546 est;
3492 5479 3620 5535 imo
3651 5476 3886 5549 seipsum

557 5596 606 5694 in
634 5599 829 5694 ἕξιΠῇ
865 5607 928 5694 1,:
968 5609 1047 5661 18.
1108 5607 1154 5641 9'3
1209 5608 1376 5694 ,ΜΗ-[ι.
1403 5628 1548 5694 “sui,
1579 5613 1654 5676 f6.
1717 5613 1784 5680 οἱ,
1817 5612 1994 5687 ξσῐοῑιη.
2045 5629 2131 5673 vm

2247 5615 2330 5670 12.
2412 5614 2456 5650 ³⁵
2521 5614 2588 5694 _I,~
2644 5611 2802 5694 Cori,
2836 5605 3348 5694 1,1,54._“.He_br,
3411 5622 3450 5674 ι,
3488 5605 3717 5694 Α3.--⁹τι
3755 5602 3886 5694 'Sap.

489 5675 730 5803 νιμῦἓῦ.
790 5675 831 5706 ³³
900 5678 1068 5729 Joan.
1131 5695 1206 5749 VI,
1255 5684 1345 5736 27.
1403 5681 1450 5717 9"
1499 5675 1638 5742 Gen.
1701 5675 1822 5754 xix,
1872 5689 1960 5744 24.
2019 5688 2032 5722 ¹
2087 5690 2130 5743 Ρ

487 5763 562 5809 γι.
671 5786 684 5800 ο

2309 5703 2458 5754 xuv,
2521 5675 2588 5742 7.’
2651 5675 2867 5752 Apocf
2906 5675 2954 5752 ἶ,
3031 5680 3082 5736 8.
3139 5677 3160 5715 ⁸
3231 5679 3396 5734 Joan.
3479 5676 3886 5752 v,26.‘ioan.

547 5791 562 5824 ,
595 5786 684 5803 ν...
