4090 6192
351 366 504 429 1433

357 532 592 590 quoque
627 510 930 569 suscitavit
959 512 1018 564 et
1045 505 1385 577 assumpsit.
1422 502 1525 560 Illa
1552 508 1696 559 sunt
1723 498 2001 571 benepla-

354 607 455 663 citi
488 626 503 674 ;
538 606 664 660 haec
694 600 993 675 potentiae.
1027 599 1110 654 Tu
1140 612 1314 669 porro
1347 610 1413 651 ea
1453 593 1691 665 quidem
1724 604 2001 646 recenses

358 714 488 768 qua:
524 695 816 749 minorem
847 690 1092 757 faciunt,
1126 702 1257 759 qua:
1287 702 1421 741 vero
1466 682 1900 746 sublimiorem,
1933 693 2001 734 ea

358 783 805 860 prmtermittis:
841 794 1098 850 eumque
1150 791 1389 848 passum
1446 790 1575 830 esse
1634 770 1998 837 consideras,

359 874 519 947 quod
552 879 749 929 autem
782 873 994 942 sponte
1026 882 1235 940 passus
1259 866 1336 921 sit
1365 880 1485 919 non
1512 862 1743 934 adjicis.

426 989 685 1061 Ejusdem
714 986 775 1042 in
808 986 967 1039 illum
1009 988 1048 1039 Α
1059 982 1266 1054 postoli
1293 982 1486 1061 locum.
1518 996 1626 1051 quo
1656 977 2003 1061 ait_:.«0por-

354 1070 428 1116 tet
459 1052 602 1116 enim
633 1075 757 1113 eum
786 1073 1021 1127 regnare
1052 1052 1222 1125 usque
1251 1056 1323 1108 ad
1356 1061 1624 1123 tempora.
1660 1074 1689 1101 »
1740 1052 1835 1104 lia:
1880 1063 2005 1103 ora-

353 1136 500 1189 tione
531 1135 564 1186 2
594 1132 663 1185 de
692 1130 859 1187 Filio.

423 1246 688 1315 46.Qnod
715 1245 974 1302 secundo
993 1244 1122 1300 loco
1149 1241 1319 1299 nobis
1344 1240 1635 1311 objiciunt
1657 1234 2000 1301 adversarii,

354 1337 414 1394 id
449 1354 581 1392 vero
614 1334 889 1391 maximis
920 1340 979 1389 et
1007 1333 1239 1388 invictis
1270 1330 1632 1400 argumentis
1664 1332 1999 1389 accensent,

353 1428 683 1483 nimirum:
748 1425 975 1495 Oportet
1031 1422 1175 1478 enim
1216 1424 1393 1493 ipsum
1450 1436 1682 1490 regnare
1738 1418 1759 1452 ³
1814 1431 2002 1487 usque

354 1517 547 1573 adhuc
583 1531 598 1573 :
641 1521 699 1570 et
727 1532 759 1568 a
791 1513 924 1569 calo
952 1514 1157 1582 suscipi
1184 1528 1352 1582 usque
1383 1511 1455 1565 ad
1486 1517 1795 1579 temporum
1850 1508 1998 1562 testi-

359 1609 625 1661 tutionem
655 1603 697 1672 δ,
732 1610 790 1658 et
819 1602 1036 1658 habere
1068 1601 1282 1657 solium
1316 1618 1349 1655 a
1380 1599 1602 1655 dextris
1635 1598 1757 1666 Dei,
1817 1596 2003 1651 donec

354 1695 631 1750 inimicos
662 1698 919 1765 superet.
980 1691 1129 1757 Quid
1182 1696 1303 1745 tum
1352 1697 1555 1761 postea
1584 1688 1611 1742 ?
1658 1689 2002 1754 Regnumne

360 1786 725 1853 deseret,aut
762 1781 924 1837 ccelis
958 1779 1438 1852 ejicietur?Quis
1470 1794 1605 1833 eum
1639 1776 1855 1848 coget?
1903 1778 2003 1830 aut

1699 342 2105 410 THESAUBI
2150 344 2297 408 LIB.
2343 344 2417 407 Υ.

2032 477 2085 544 Α
2117 493 2352 549 quoque
2386 476 2823 550 subjectionem
2856 473 3260 549 compleverit,
3310 486 3406 527 me
3463 474 3762 526 servatum

3608 333 3768 397 1434

2118 572 2237 622 tum
2270 567 2590 624 adducens.
2628 569 2758 624 llaec
2789 566 2950 623 enim
2984 571 3092 633 est,
3125 570 3188 618 ut
3238 561 3513 618 arbitror.
3544 557 3773 613 Christi

2114 657 2716 728 subjectio,nimirum
2741 664 3002 729 pateram
3027 653 3345 710 voluntatis
3391 647 3762 719 adimpletio.

2114 746 2439 817 Subjicitur
2468 765 2640 820 porro
2688 752 2747 803 et
2790 746 2968 802 Filius
3025 744 3203 805 l’atri,
3238 749 3297 798 et
3354 743 3525 796 Pater
3572 737 3761 794 Filio:

2113 836 2210 890 ille.
2242 836 2483 908 quidem
2514 836 2814 910 agenshic
2845 851 2979 890 vero
3002 833 3337 906 approbans
3360 847 3374 886 :
3399 828 3557 901 quod
3586 834 3763 882 antea

2114 942 2347 997 quoque
2380 927 2655 982 diximus.
2691 931 2880 996 Atque
2915 926 2993 980 ita
3026 924 3123 996 qui
3156 920 3410 989 subiecit
3440 917 3596 989 quod
3628 916 3762 972 sub-

2105 1016 2333 1085 jectum
2379 1021 2489 1084 est,
2536 1016 2652 1070 Deo
2690 1015 2952 1084 exhibet,
2995 1013 3103 1069 sibi
3154 1012 3311 1083 quod
3365 1016 3634 1065 nostrum
3677 1009 3767 1061 est

2116 1105 2592 1161 accommodans.

2179 1221 2399 1277 Eodem
2430 1238 2608 1279 sensu
2640 1222 2783 1277 mihi
2814 1219 3197 1292 accipiendas
3247 1217 3412 1274 locus
3443 1215 3546 1270 ille
3601 1229 3758 1285 quo-

2115 1327 2228 1381 que
2259 1310 2524 1367 videtur;
2564 1314 2720 1369 Deus.
2746 1312 2878 1366 Deus
2909 1327 3077 1379 qu’US,
3112 1309 3331 1363 intende
3372 1306 3528 1371 mihi,
3591 1318 3763 1375 quare

2112 1417 2196 1454 me
2224 1403 2497 1473 dereliqui
2527 1402 2607 1457 tia
2650 1405 2672 1456 Ρ
2724 1402 2841 1456 Nec
2891 1401 3049 1455 enim
3099 1400 3225 1471 ipse
3275 1395 3593 1453 derelictus
3651 1398 3758 1459 est,

2115 1506 2309 1562 neque
2344 1508 2378 1547 τι
2410 1493 2542 1548 Deo.
2584 1508 2777 1563 neque
2809 1508 2842 1547 a
2872 1508 2978 1546 sua
3009 1490 3192 1561 ipsius
3244 1488 3572 1550 divinitate,
3605 1480 3765 1553 quod

2116 1580 2469 1651 quibusdam
2501 1582 2734 1637 videtur
2786 1589 3066 1650 tanquam
3115 1580 3361 1634 timente
3404 1575 3762 1648 passionem.

2117 1674 2174 1723 et
2205 1669 2422 1726 idcirco
2454 1677 2754 1726 contracta
2784 1687 2819 1725 a
2849 1670 3133 1740 patiente.
3168 1668 3306 1732 Quis
3355 1682 3489 1721 eum
3525 1662 3612 1718 vel
3645 1661 3761 1733 pri-

2118 1760 2297 1815 mitus
2328 1760 2437 1815 hoc
2472 1761 2533 1814 in
2565 1778 2596 1814 n
2624 1759 2783 1814 undo
2816 1759 3002 1823 nasci,
3035 1757 3123 1811 vel
3164 1758 3225 1811 in
3275 1769 3511 1810 crucem
3556 1766 3757 1806 ascen.

358 1890 475 1944 qua
507 1873 576 1926 de
610 1870 828 1927 causa?
859 1871 1043 1935 Quam
1074 1868 1361 1923 audacem
1406 1867 1795 1936 interpretem
1841 1864 1964 1935 agis
1992 1862 1999 1916 !

2116 1847 2255 1902 dere
2287 1849 2479 1920 coegit
2506 1849 2837 1904 ?Cmterum
2875 1852 2928 1902 in
2960 1847 3249 1918 seipso,ut
3271 1844 3394 1915 jam
3430 1841 3569 1896 dixi.
3606 1836 3763 1909 quod

356 1979 654 2035 quamque
688 1978 721 2017 a
753 1976 930 2033 regno
962 1976 1064 2016 seu
1099 1958 1467 2027 subjectione
1490 1957 1752 2012 alienum
1788 1954 1800 2008 !
1827 1955 2003 2025 Atqui

358 2052 527 2108 audis
562 2067 575 2106 :
612 2051 786 2121 Regni
815 2050 929 2115 eius
957 2066 1067 2105 non
1113 2051 1216 2103 erit
1268 2049 1416 2118 ﬁnis.
1480 2045 2001 2101 Verumenimvero

355 2142 415 2198 in
448 2159 581 2198 eum
615 2158 877 2198 errorem
910 2138 1393 2211 impegisti,quod
1425 2139 1516 2192 bis
1548 2136 1786 2192 vocibus
1817 2136 2004 2189 donec

360 2239 418 2286 et
449 2248 635 2303 usque
668 2229 1035 2302 praeteritum
1067 2245 1101 2284 a
1131 2229 1327 2283 futuro
1359 2244 1480 2283 non
1533 2226 1711 2282 dividi
1762 2242 2004 2299 prorsus

358 2320 629 2393 ignores:
664 2321 783 2375 imo
816 2321 1103 2373 hactenus
1134 2317 1476 2390 significari,
1509 2318 1677 2372 nulla
1733 2315 2001 2370 oratione

356 2409 559 2464 habita
592 2409 718 2477 ejus
750 2407 906 2478 quod
940 2408 1337 2477 subsequatur
1369 2423 1381 2460 :
1411 2406 1632 2477 alioqui
1668 2422 1784 2477 quo
1825 2420 2004 2459 sensu

358 2498 636 2569 accipias,
670 2514 744 2552 ne
775 2503 988 2551 cmtera
1018 2495 1232 2553 dicam.
1267 2495 1463 2550 locum
1498 2494 1664 2549 illum
1698 2511 1711 2549 :
1748 2496 1851 2549 Ero
1908 2510 2005 2549 vo-

360 2589 561 2642 bisrum
588 2603 756 2656 usque
783 2586 857 2640 ad
866 2586 1383 2642 consummationem
1403 2582 1610 2640 sarcula"l
1634 2584 1661 2640 ?
1681 2590 1770 2640 An
1801 2589 2005 2656 postea

360 2676 628 2733 futurum
662 2693 782 2732 non
816 2692 943 2731 esse
976 2674 1182 2730 dices?
1211 2677 1283 2730 At
1314 2690 1584 2745 quaenam
1620 2674 1797 2745 hujus
1854 2673 2002 2728 ratio

358 2765 584 2821 fuerit?
607 2768 720 2821 Nec
744 2782 877 2821 vero
904 2782 971 2820 ea
995 2770 1221 2819 tantum
1254 2764 1325 2819 de
1358 2779 1536 2819 causa
1566 2763 1764 2833 lapsus
1797 2778 1879 2831 es,
1902 2761 2003 2817 sed

365 2856 538 2911 etiam
575 2857 713 2927 quia
751 2854 1077 2910 dictionum
1130 2854 1461 2926 signiﬁcata
1498 2870 1618 2907 non
1664 2852 2001 2919 distinguis.

359 2944 663 3016 Siquidem
695 2960 941 3018 regnare
974 2943 1191 2998 dicitur
1221 2960 1337 2998 uno
1371 2941 1612 3014 quidem
1646 2943 2001 3015 significatu,

360 3040 639 3107 tanquam
674 3034 1174 3104 omnium,velint,
1196 3031 1409 3104 nolint,
1431 3034 1551 3089 Rex
1583 3034 1961 3105 omnipotens
1988 3053 2001 3103 ;

357 3124 476 3180 alia
506 3132 1023 3196 autem,tanquam
1058 3124 1108 3178 is
1139 3123 1238 3195 qui
1270 3140 1378 3178 nos
1409 3122 1620 3177 ditioni
1654 3139 1774 3178 sum
1806 3125 2002 3197 subje-

2110 1942 2379 1991 nostrum
2413 1944 2521 2004 est,
2556 1936 2855 2006 extirimit.
2904 1937 3016 1989 Nos
3048 1935 3204 1989 enim
3268 1930 3538 1987 derelicti
3589 1936 3765 1984 antea

2110 2032 2170 2080 et
2198 2026 2523 2096 contempti
2558 2040 2792 2080 eramus
2834 2038 2847 2077 :
2881 2040 3040 2078 nunc
3071 2038 3205 2076 vero
3237 2021 3523 2090 assumpti
3557 2024 3607 2073 et
3644 2032 3761 2071 ser-

2111 2116 2223 2169 vati
2257 2114 2631 2186 passionibus
2663 2114 2791 2183 ejus
2822 2112 2922 2183 qui
2957 2111 3217 2183 passioni
3273 2111 3618 2178 neutiquam
3654 2104 3758 2159 ob-

2111 2205 2324 2259 noxius
2356 2210 2463 2260 est.
2497 2202 3009 2269 Quemadmodum
3051 2206 3317 2256 nostram
3354 2213 3590 2270 quoque
3622 2192 3764 2250 insi-

2109 2294 2397 2364 pientiam
2438 2309 2771 2360 assumens,
2804 2299 2864 2348 et
2892 2297 3197 2362 peccatum
3233 2305 3566 2351 assumens,
3627 2305 3757 2359 qum

2110 2383 2558 2455 subsequuntur
2613 2399 2680 2437 eo
2728 2383 2787 2436 in
2845 2378 3071 2452 psalmo
3112 2380 3235 2445 ait;
3270 2376 3756 2450 quandoquidem

2110 2473 2426 2527 vicesimus
2457 2472 2684 2544 primus
2717 2470 2816 2527 ille
2847 2469 3109 2543 psalmus
3139 2470 3213 2524 ad
3244 2468 3544 2524 Christum
3603 2466 3761 2522 haud

2109 2561 2288 2617 dubie
2319 2561 2595 2617 refertur.

2181 2677 2458 2749 Ejusdem
2490 2693 2726 2749 quoque
2772 2673 3266 2732 considerationis
3324 2679 3381 2729 et
3437 2673 3541 2729 illa
3598 2676 3758 2741 sunt,

2111 2769 2269 2839 quod
2301 2769 2401 2823 ille
2421 2768 2820 2824 obedientiam
2864 2784 2935 2823 ex
2969 2767 3041 2823 iis
3072 2782 3203 2837 quae
3227 2781 3434 2837 passus
3470 2768 3557 2818 e'st
3604 2763 3761 2818 didi-

2112 2848 2258 2913 derit
2290 2875 2303 2925 ;
2338 2858 2477 2913 item
2512 2858 2738 2917 clamor,
2776 2857 3055 2927 lacrymae.
3114 2854 3447 2925 supplicare,
3480 2854 3759 2921 exaudiri,

2110 2952 2415 3004 reverentia
2446 2966 2466 3003 :
2498 2965 2627 3020 qua:
2663 2948 2762 3002 ille
2790 2964 2894 3018 pro
2926 2946 3098 3001 nobis
3132 2945 3344 3000 mirum
3397 2943 3458 2997 in
3518 2942 3760 2997 modum

2111 3044 2395 3108 tanquam
2458 3036 2520 3091 in
2592 3037 2906 3108 proscenio
2973 3037 3382 3107 repraesentat.
3462 3032 3761 3096 Quatenus

2112 3128 2271 3182 enim
2332 3126 2588 3181 Verbum
2648 3143 2842 3199 neque
2902 3124 3186 3180 obediens
3235 3129 3383 3187 erat,
3415 3137 3607 3193 neque
3639 3137 3761 3174 non

352 3216 522 3278 cerit,
567 3231 793 3285 suoque
848 3213 1034 3286 ipsius
1083 3229 1264 3283 regno
1324 3213 1406 3267 ita
1464 3212 1904 3283 mancipat-erit,
1936 3221 2003 3270 ut
2032 3232 2075 3298 ρ
2113 3215 2396 3272 obediens
2430 3232 2442 3270 :
2479 3215 2774 3286 siquidem
2805 3215 2933 3270 haec
2961 3213 3033 3270 ad
3068 3231 3168 3269 eos
3200 3210 3595 3285 spectantqui
3630 3208 3760 3264 snb-

351 3303 608 3360 libenter
638 3303 1001 3376 ejusjugum
1058 3302 1476 3374 suscipiamus.
1510 3301 1691 3374 Regni
1744 3320 1880 3375 ergo
1936 3322 2004 3362 eo

358 3412 536 3451 sensu
569 3397 793 3468 accepti
826 3413 946 3451 non
981 3394 1093 3451 erit
1117 3394 1761 3452 finis.Secundiautem
1791 3413 2011 3453 munus

361 3484 662 3556 quodnam
696 3490 785 3539 est
815 3485 843 3539 ?
873 3484 1155 3540 nimirum
1178 3490 1245 3539 ut
1276 3501 1384 3540 nos
1419 3500 1595 3539 manu
1627 3491 1896 3557 protegat
1953 3493 2012 3543 et

364 3572 551 3629 salvos
577 3573 773 3629 faciat.
804 3574 918 3629 Nec
952 3574 1109 3628 enim
1138 3580 1227 3629 est
1257 3573 1413 3645 quod
1449 3591 1546 3629 eos
1580 3575 1874 3645 subjiciat.
1905 3577 2006 3648 qui

347 3661 477 3733 jam
510 3659 760 3731 subjecti
794 3661 1169 3715 sunt.Postea
1199 3660 1359 3715 enim
1383 3661 2008 3734 consurgetjudicatu-

354 3766 455 3805 rus
488 3754 797 3807 teraam.ut
826 3748 1017 3804 salvos
1048 3768 1083 3805 a
1120 3750 1368 3820 perditis
1415 3756 1700 3822 segreget.
1771 3752 2002 3822 Postea,

354 3839 617 3909 inquam.
653 3844 852 3911 surget
883 3840 1036 3893 Deus
1067 3839 1129 3892 in
1160 3838 1354 3893 medio
1386 3838 1655 3906 deorum,
1689 3837 2001 3909 salvorum,

347 3927 787 3998 dijudicaturus
822 3934 880 3982 et
912 3927 1303 3983 distincturus
1335 3942 1450 3996 quo
1471 3928 1723 3996 quisque
1756 3929 2001 3997 praemio

347 4019 401 4069 et
436 4016 742 4068 mansione
778 4015 992 4083 dignus
1024 4014 1117 4066 sit.
1154 4015 1272 4066 Hoc
1324 4029 1503 4065 sensu
1561 4014 1811 4083 accipito
1871 4029 2001 4067 eam

346 4118 584 4173 quoque
638 4101 1092 4172 subjectionem,
1126 4115 1240 4169 qua
1282 4099 1496 4152 Filium
1534 4099 1685 4153 Patri
1734 4099 2000 4171 subjicis.

423 4189 573 4255 Quid
606 4190 692 4245 ais
714 4189 741 4244 τὶ
772 4189 941 4259 quasi
976 4203 1136 4242 nunc
1170 4188 1221 4241 ei
1254 4186 1556 4257 subjectus
1588 4204 1708 4243 non
1732 4189 1808 4244 sit
1836 4189 1863 4244 '?
1912 4192 2000 4246 An

347 4295 483 4335 vero
506 4279 624 4333 Deo
641 4275 1050 4349 subjiciendus
1068 4280 1157 4330 est
1187 4276 1559 4347 omnino,qui
1580 4278 1734 4333 Deus
1766 4295 1999 4351 quoque

348 4368 426 4424 sit
454 4367 482 4424 ‘I
512 4373 671 4423 certe
705 4373 765 4421 tu
790 4366 862 4423 de
892 4365 1122 4421 latrone
1153 4370 1257 4420 aut
1286 4365 1457 4421 hoste
1490 4366 1768 4438 quopiam
1822 4367 2000 4425 verba

344 4457 491 4514 mihi
525 4457 720 4513 facere
752 4455 989 4512 videris.

415 4546 567 4613 Quin
598 4547 796 4620 potius
828 4564 953 4603 rem
984 4547 1173 4620 ipsam
1208 4549 1288 4604 ita
1332 4548 1667 4620 expendito.
1699 4548 1993 4615 Quemad-

342 4637 589 4694 modum
622 4636 953 4693 exsecratio
986 4636 1179 4694 dictus
1213 4636 1446 4706 estille,
1482 4637 1580 4710 qui
1614 4656 1807 4695 meam
1839 4639 1990 4695 solu-

337 4733 503 4782 turus
539 4727 1033 4783 ’exsecrationem
1087 4728 1291 4782 venit:
1352 4728 1493 4783 item
1556 4734 1614 4783 et
1658 4734 1988 4801 peccatum,

339 4817 438 4887 qui
470 4816 679 4872 mundi
707 4821 1016 4888 peccatum
1050 4816 1500 4889 tollit,denique
1524 4835 1706 4874 novus
1729 4818 1990 4879 Adamus

335 4924 443 4978 pro
475 4913 670 4962 vetere
704 4907 790 4973 fit,
824 4907 906 4962 ita
938 4911 997 4961 et
1056 4906 1523 4963 inobedientiam
1565 4925 1762 4965 meam
1821 4927 1988 4966 suam

336 4998 497 5065 facit,
543 4999 763 5070 quippe
814 4998 915 5069 qui
969 4998 1148 5053 totius
1194 5000 1454 5071 corporis
1505 5006 1679 5071 caput
1717 5001 1983 5056 exsistat.

336 5087 538 5159 Itaque
590 5087 855 5158 quandiu
904 5087 1147 5142 rebellis
1201 5104 1305 5159 ego
1339 5086 1771 5160 seditiosusque
1832 5106 1986 5159 sum,

335 5178 476 5234 dum
508 5177 724 5232 Christi
748 5179 961 5249 jugum
994 5194 1231 5248 respuo,
1266 5178 1695 5250 affectibusque
1720 5179 1867 5235 meis
1898 5179 1985 5236 in-

333 5267 826 5328 servio.Christus
857 5282 1094 5338 quoque
1125 5282 1246 5322 non
1270 5267 1570 5339 subjectus
1604 5267 1811 5325 habita
1867 5268 1983 5324 mei

332 5358 563 5413 ratione
597 5354 834 5410 dicitur.

402 5446 726 5515 Postquam
773 5459 908 5498 vero
959 5449 1175 5499 cuncta
1227 5444 1334 5500 sibi
1388 5445 1731 5517 subjecerit,
1798 5445 1984 5519 subji-

333 5532 449 5591 ciet
478 5540 679 5590 autem
710 5532 1043 5606 cognitione
1074 5539 1132 5590 et
1160 5536 1649 5605 commutatione,
1686 5542 1824 5593 tunc
1856 5538 1982 5611 ipse

402 5688 428 5728 ⁵
450 5689 579 5749 Cor.
611 5704 700 5763 xv,
729 5691 797 5748 25
830 5710 845 5762 ;
874 5689 1030 5751 Psal.
1065 5707 1176 5764 clx,
1207 5694 1261 5750 2.
1337 5694 1360 5730 ⁸
1388 5695 1509 5751 Ast.
1543 5708 1619 5760 lli,
1653 5696 1739 5754 21.

1818 5694 1839 5730 ⁷
1865 5694 2067 5757 Hattb.
2092 5710 2288 5767 xxvm,
2322 5698 2409 5757 20.

2108 3306 2253 3377 jecti
2286 3305 2577 3377 quasique
2608 3304 2944 3360 secundarii
2985 3300 3297 3369 sunt,illud
3337 3300 3574 3372 quidem
3604 3302 3763 3354 certe

2116 3401 2343 3467 spectat
2400 3396 2473 3451 ad
2504 3396 2659 3450 viros
2715 3395 2926 3463 bonos,
2983 3394 3250 3464 rectique
3300 3398 3590 3453 amantes,
3648 3387 3760 3444 hoc

2114 3501 2249 3539 vero
2287 3484 2361 3540 ad
2394 3484 2678 3556 reprobos
2711 3483 3124 3556 supplicioque
3182 3481 3425 3554 dignos:
3464 3486 3758 3551 quatenus

2110 3580 2307 3628 autem
2338 3573 2487 3628 servi
2522 3573 2709 3628 forma
2739 3590 2801 3628 se
2832 3570 3131 3628 conservis
3164 3568 3575 3625 accommodat
3607 3566 3754 3621 alic-

2111 3678 2371 3733 namque
2430 3663 2683 3717 formam
2733 3660 2946 3721 induit,
3000 3673 3093 3714 me
3155 3664 3342 3712 totum
3403 3670 3653 3724 meaque
3697 3653 3759 3708 in

2112 3752 2304 3822 seipso
2360 3751 2578 3816 ferens,
2638 3755 2704 3805 ut
2734 3766 2840 3805 sua
2883 3748 3070 3819 ipsius
3100 3747 3154 3799 vi
3180 3744 3337 3815 quod
3380 3742 3639 3797 deterius
3671 3746 3762 3797 est

2110 3844 2441 3901 consumat,
2477 3855 2595 3892 non
2653 3853 2823 3891 secus
2864 3841 3040 3905 atque
3090 3849 3285 3888 ceram
3328 3831 3501 3903 ignis,
3535 3837 3636 3886 aut
3667 3829 3757 3885 sol

2110 3942 2383 3995 vaporem
2440 3931 2656 3979 terrm:
2713 3932 2890 3996 atque
2949 3939 3052 3995 ego
3102 3920 3540 3978 commissionis
3576 3919 3754 3989 hujus

2108 4014 2294 4085 gratia
2326 4029 2527 4067 eorum
2569 4029 2699 4083 qum
2732 4013 2909 4067 habet
2939 4011 3040 4067 ille
3073 4011 3367 4082 particeps
3399 4008 3642 4063 et'tiriar.
3675 4008 3754 4062 Ea

2108 4102 2178 4157 de
2213 4119 2389 4158 causa
2419 4100 2818 4157 obedientiam
2853 4101 3049 4173 reipsa
3080 4105 3337 4173 praestat,
3372 4099 3617 4170 ejusque
3648 4114 3754 4171 pe-

2106 4189 2355 4247 riculum
2390 4190 2685 4263 passionis
2716 4192 2872 4249 facit.
2903 4190 3206 4262 Siquidem
3230 4190 3462 4245 affectio
3498 4203 3600 4244 seu
3633 4187 3756 4243 ani-

2106 4282 2185 4337 mi
2219 4281 2531 4354 dispositio
2554 4298 2673 4336 non
2706 4280 2947 4349 sufﬁcit,
3000 4279 3503 4353 quemadmodum
3557 4293 3751 4349 neque

2102 4371 2418 4439 nobis,nisi
2452 4371 2630 4428 rebus
2666 4387 2898 4444 quoque
2934 4371 3079 4442 ipsis
3110 4370 3293 4426 animi
3326 4386 3502 4425 sensa
3558 4366 3753 4423 decla-

2104 4478 2323 4517 remus.
2361 4462 2519 4533 Opus
2551 4461 2711 4516 enim
2744 4460 3119 4516 affectionem
3153 4459 3335 4515 animi
3366 4457 3599 4531 probat.
3634 4458 3751 4513 Nec

2104 4552 2301 4607 minus
2339 4551 2491 4607 forte
2540 4550 2888 4623 probandus
2942 4551 3041 4606 ille
3090 4566 3326 4622 quoque
3378 4565 3590 4604 sensus
3639 4554 3750 4615 est,

2098 4640 2256 4714 quod
2314 4641 2713 4697 obedientiam
2759 4646 3025 4697 nostram
3086 4640 3374 4713 explorat,
3434 4637 3752 4709 omniaque

2104 4732 2225 4787 suis
2256 4730 2632 4803 passionibus
2671 4731 2916 4786 metitur
2945 4738 3070 4785 arte
3099 4728 3507 4795 humanitatis,
3536 4733 3601 4782 ut
3632 4725 3753 4780 suis

2102 4826 2305 4877 nostra
2344 4837 2698 4894 cognoscere
2728 4820 2935 4893 possit,
2970 4827 3380 4892 quantumque
3414 4818 3489 4872 sit
3520 4834 3551 4871 a
3583 4814 3753 4870 nobis

2100 4909 2480 4982 exigendum,
2538 4917 2948 4982 quantumque
3026 4908 3197 4964 nobis
3283 4903 3752 4971 concedendum,

2100 5000 2301 5055 habita
2333 4999 2766 5055 imbecillitatis
2797 5016 2915 5055 una
2954 5015 3087 5054 cum
3147 4996 3441 5070 passionis
3500 4994 3746 5052 ratione.

2098 5090 2242 5144 Nam
2277 5089 2324 5143 si
2355 5089 2479 5156 lux,
2511 5097 2753 5161 propter
2783 5089 3165 5145 emissionem
3200 5104 3329 5158 qua:
3362 5088 3422 5141 in
3464 5084 3747 5153 tenebris,

2097 5178 2209 5234 hoc
2242 5185 2332 5234 est
2354 5179 2532 5235 hacce
2564 5180 2701 5244 vita,
2745 5180 3038 5251 apparuit,
3068 5177 3542 5251 persecutionem
3574 5190 3749 5246 passa

2096 5273 2185 5323 est
2215 5284 2249 5325 a
2281 5268 2567 5334 tenebris,
2599 5284 2634 5324 a
2663 5268 3116 5339 malo,inquam,
3150 5274 3208 5324 et
3233 5272 3549 5325 tentatore.
3586 5273 3750 5321 tene-

2098 5358 2219 5414 bras
2251 5364 2485 5430 quantas
2502 5375 2800 5431 quamque.
2822 5356 3048 5415 debiles
3066 5358 3308 5414 fuerunt
3327 5358 3355 5413 ‘2
3377 5355 3527 5423 Quid
3548 5362 3746 5411 autem

2095 5449 2337 5516 mirum,
2372 5450 2419 5505 si
2452 5448 2930 5506 coalescentibus
2960 5449 3078 5505 illis
3110 5449 3742 5519 omnino,nosquoque

2095 5539 2537 5611 quodammodo
2573 5540 2863 5613 assumpti
2886 5539 3176 5597 fuerimus
3201 5539 3229 5595 ?
3251 5536 3439 5613 Majas
3468 5538 3629 5595 enim
3653 5536 3743 5593 illi

2487 5695 2512 5734 ⁸
2538 5695 2694 5758 Psal.
2728 5712 2850 5769 xxx,
2881 5699 2935 5755 ι.
