  <div class='ocr_page' id='page_1' title='image "/cluster/home/n/w/nwhite01/storage/ocr_20150623/139/hvd.32044023361710/723.png"; bbox 0 0 4058 6212; ppageno 0'>
   <div class='ocr_carea' id='block_1_1' title="bbox 393 340 565 438">
    <p class='ocr_par' dir='ltr' id='par_1_1' title="bbox 393 340 565 438">
     <span class='ocr_line' id='line_1_1' title="bbox 393 340 565 438; baseline -0.023 0"><span class='ocrx_word' id='word_1_1' title='bbox 393 340 565 438; x_wconf 61' lang='lat'><strong>&quot;1433</strong></span> 
     </span>
    </p>
   </div>
   <div class='ocr_carea' id='block_1_2' title="bbox 1721 358 2494 428">
    <p class='ocr_par' dir='ltr' id='par_1_2' title="bbox 1721 358 2494 428">
     <span class='ocr_line' id='line_1_2' title="bbox 1721 358 2494 428; baseline -0.009 -1"><span class='ocrx_word' id='word_1_2' title='bbox 1721 359 2034 428; x_wconf 61' lang='lat' dir='ltr'><strong>NICETE</strong></span> <span class='ocrx_word' id='word_1_3' title='bbox 2073 358 2494 426; x_wconf 63' lang='grc' dir='ltr'><strong>ΟΗΟΝΙΔΤΕ</strong></span> 
     </span>
    </p>
   </div>
   <div class='ocr_carea' id='block_1_3' title="bbox 3670 323 3824 426">
    <p class='ocr_par' dir='ltr' id='par_1_3' title="bbox 3670 323 3824 426">
     <span class='ocr_line' id='line_1_3' title="bbox 3670 323 3824 426; baseline 0.019 -3"><span class='ocrx_word' id='word_1_4' title='bbox 3670 323 3824 426; x_wconf 71' lang='lat' dir='ltr'><strong>uss</strong></span> 
     </span>
    </p>
   </div>
   <div class='ocr_carea' id='block_1_4' title="bbox 410 488 3822 581">
    <p class='ocr_par' dir='ltr' id='par_1_4' title="bbox 410 488 3822 581">
     <span class='ocr_line' id='line_1_4' title="bbox 410 488 3822 581; baseline -0.004 -17"><span class='ocrx_word' id='word_1_5' title='bbox 410 505 887 581; x_wconf 79' lang='lat' dir='ltr'><strong>persecutionem</strong></span> <span class='ocrx_word' id='word_1_6' title='bbox 930 504 1051 575; x_wconf 89' lang='lat' dir='ltr'><strong>pati</strong></span> <span class='ocrx_word' id='word_1_7' title='bbox 1119 502 1251 567; x_wconf 84' lang='lat' dir='ltr'><strong>fuit,</strong></span> <span class='ocrx_word' id='word_1_8' title='bbox 1316 516 1494 573; x_wconf 87' lang='lat' dir='ltr'><strong>quam</strong></span> <span class='ocrx_word' id='word_1_9' title='bbox 1549 499 1722 556; x_wconf 88' lang='lat' dir='ltr'><strong>nobis</strong></span> <span class='ocrx_word' id='word_1_10' title='bbox 1805 497 2050 564; x_wconf 85' lang='lat' dir='ltr'><strong>assumi,</strong></span> <span class='ocrx_word' id='word_1_11' title='bbox 2082 495 2136 563; x_wconf 76' lang='grc' dir='ltr'>Α</span> <span class='ocrx_word' id='word_1_12' title='bbox 2165 493 2612 554; x_wconf 86' lang='lat' dir='ltr'><strong>curabantur.et</strong></span> <span class='ocrx_word' id='word_1_13' title='bbox 2637 492 2818 548; x_wconf 86' lang='lat' dir='ltr'><strong>virtus</strong></span> <span class='ocrx_word' id='word_1_14' title='bbox 2840 491 2971 562; x_wconf 86' lang='lat' dir='ltr'><strong>ejus</strong></span> <span class='ocrx_word' id='word_1_15' title='bbox 2993 491 3095 563; x_wconf 86' lang='lat' dir='ltr'><strong>qui</strong></span> <span class='ocrx_word' id='word_1_16' title='bbox 3153 488 3420 560; x_wconf 85' lang='lat' dir='ltr'><strong>curabat,</strong></span> <span class='ocrx_word' id='word_1_17' title='bbox 3481 490 3675 549; x_wconf 81' lang='lat' dir='ltr'><strong>altero</strong></span> <span class='ocrx_word' id='word_1_18' title='bbox 3723 495 3822 551; x_wconf 87' lang='lat' dir='ltr'><strong>de-</strong></span> 
     </span>
    </p>
   </div>
   <div class='ocr_carea' id='block_1_5' title="bbox 413 587 2054 665">
    <p class='ocr_par' dir='ltr' id='par_1_5' title="bbox 413 587 2054 665">
     <span class='ocr_line' id='line_1_5' title="bbox 413 587 2054 665; baseline -0.009 -11"><span class='ocrx_word' id='word_1_19' title='bbox 413 612 614 654; x_wconf 81' lang='lat' dir='ltr'><strong>corum</strong></span> <span class='ocrx_word' id='word_1_20' title='bbox 667 595 874 650; x_wconf 81' lang='lat' dir='ltr'><strong>saltem</strong></span> <span class='ocrx_word' id='word_1_21' title='bbox 919 591 1168 665; x_wconf 85' lang='lat' dir='ltr'><strong>judicio,</strong></span> <span class='ocrx_word' id='word_1_22' title='bbox 1222 591 1322 663; x_wconf 87' lang='lat' dir='ltr'><strong>qui</strong></span> <span class='ocrx_word' id='word_1_23' title='bbox 1365 591 1492 647; x_wconf 67' lang='lat' dir='ltr'><strong>haec</strong></span> <span class='ocrx_word' id='word_1_24' title='bbox 1539 590 1651 646; x_wconf 91' lang='lat' dir='ltr'><strong>rite</strong></span> <span class='ocrx_word' id='word_1_25' title='bbox 1693 587 2054 660; x_wconf 74' lang='lat' dir='ltr'><strong>expendunt.</strong></span> 
     </span>
    </p>
   </div>
   <div class='ocr_carea' id='block_1_6' title="bbox 412 679 2057 757">
    <p class='ocr_par' dir='ltr' id='par_1_6' title="bbox 412 679 2057 757">
     <span class='ocr_line' id='line_1_6' title="bbox 412 679 2057 757; baseline -0.006 -15"><span class='ocrx_word' id='word_1_26' title='bbox 412 685 720 742; x_wconf 73' lang='lat' dir='ltr'><strong>Prmdictis</strong></span> <span class='ocrx_word' id='word_1_27' title='bbox 768 700 940 757; x_wconf 89' lang='lat' dir='ltr'><strong>porro</strong></span> <span class='ocrx_word' id='word_1_28' title='bbox 987 683 1258 754; x_wconf 73' lang='lat' dir='ltr'><strong>adjiciam</strong></span> <span class='ocrx_word' id='word_1_29' title='bbox 1306 681 1462 754; x_wconf 84' lang='lat' dir='ltr'><strong>quod</strong></span> <span class='ocrx_word' id='word_1_30' title='bbox 1511 679 1652 737; x_wconf 83' lang='lat' dir='ltr'><strong>mihi</strong></span> <span class='ocrx_word' id='word_1_31' title='bbox 1705 681 1764 735; x_wconf 89' lang='lat' dir='ltr'><strong>in</strong></span> <span class='ocrx_word' id='word_1_32' title='bbox 1799 684 2057 734; x_wconf 72' lang='lat' dir='ltr'><strong>nr-ntem</strong></span> 
     </span>
    </p>
   </div>
   <div class='ocr_carea' id='block_1_7' title="bbox 413 773 2060 846">
    <p class='ocr_par' dir='ltr' id='par_1_7' title="bbox 413 773 2060 846">
     <span class='ocr_line' id='line_1_7' title="bbox 413 773 2060 846; baseline -0.005 -15"><span class='ocrx_word' id='word_1_33' title='bbox 413 776 576 832; x_wconf 87' lang='lat' dir='ltr'><strong>venit</strong></span> <span class='ocrx_word' id='word_1_34' title='bbox 631 777 692 831; x_wconf 90' lang='lat' dir='ltr'><strong>ln</strong></span> <span class='ocrx_word' id='word_1_35' title='bbox 714 791 830 846; x_wconf 89' lang='lat' dir='ltr'><strong>quo</strong></span> <span class='ocrx_word' id='word_1_36' title='bbox 857 774 1017 830; x_wconf 85' lang='lat' dir='ltr'><strong>enim</strong></span> <span class='ocrx_word' id='word_1_37' title='bbox 1052 789 1258 844; x_wconf 87' lang='lat' dir='ltr'><strong>passus</strong></span> <span class='ocrx_word' id='word_1_38' title='bbox 1288 781 1370 828; x_wconf 88' lang='lat' dir='ltr'><strong>est</strong></span> <span class='ocrx_word' id='word_1_39' title='bbox 1425 773 1570 842; x_wconf 76' lang='lat' dir='ltr'><strong>ipse,</strong></span> <span class='ocrx_word' id='word_1_40' title='bbox 1615 787 1747 825; x_wconf 88' lang='lat' dir='ltr'><strong>eum</strong></span> <span class='ocrx_word' id='word_1_41' title='bbox 1802 775 2060 824; x_wconf 82' lang='lat' dir='ltr'><strong>tentatus</strong></span> 
     </span>
    </p>
   </div>
   <div class='ocr_carea' id='block_1_8' title="bbox 419 857 2060 936">
    <p class='ocr_par' dir='ltr' id='par_1_8' title="bbox 419 857 2060 936">
     <span class='ocr_line' id='line_1_8' title="bbox 419 857 2060 936; baseline -0.005 -13"><span class='ocrx_word' id='word_1_42' title='bbox 419 873 531 935; x_wconf 72' lang='lat' dir='ltr'><strong>est,</strong></span> <span class='ocrx_word' id='word_1_43' title='bbox 565 865 849 936; x_wconf 90' lang='lat' dir='ltr'><strong>potestiis</strong></span> <span class='ocrx_word' id='word_1_44' title='bbox 878 865 979 934; x_wconf 90' lang='lat' dir='ltr'><strong>qui</strong></span> <span class='ocrx_word' id='word_1_45' title='bbox 1025 869 1332 920; x_wconf 86' lang='lat' dir='ltr'><strong>tentantur</strong></span> <span class='ocrx_word' id='word_1_46' title='bbox 1369 861 1648 934; x_wconf 73' lang='lat' dir='ltr'><strong>opitulari</strong></span> <span class='ocrx_word' id='word_1_47' title='bbox 1680 863 1720 928; x_wconf 73' lang='grc' dir='ltr'><strong>ο,</strong></span> <span class='ocrx_word' id='word_1_48' title='bbox 1766 858 1924 931; x_wconf 87' lang='lat' dir='ltr'><strong>quod</strong></span> <span class='ocrx_word' id='word_1_49' title='bbox 1984 857 2060 914; x_wconf 89' lang='lat' dir='ltr'><strong>ad</strong></span> 
     </span>
    </p>
   </div>
   <div class='ocr_carea' id='block_1_9' title="bbox 417 951 1542 1026">
    <p class='ocr_par' dir='ltr' id='par_1_9' title="bbox 417 951 1542 1026">
     <span class='ocr_line' id='line_1_9' title="bbox 417 951 1542 1026; baseline -0.004 -16"><span class='ocrx_word' id='word_1_50' title='bbox 417 953 692 1010; x_wconf 86' lang='lat' dir='ltr'><strong>eumdem</strong></span> <span class='ocrx_word' id='word_1_51' title='bbox 723 953 1032 1026; x_wconf 79' lang='lat' dir='ltr'><strong>perspicue</strong></span> <span class='ocrx_word' id='word_1_52' title='bbox 1063 968 1302 1008; x_wconf 87' lang='lat' dir='ltr'><strong>sensum</strong></span> <span class='ocrx_word' id='word_1_53' title='bbox 1333 951 1542 1006; x_wconf 81' lang='lat' dir='ltr'><strong>refero.</strong></span> 
     </span>
    </p>
   </div>
   <div class='ocr_carea' id='block_1_10' title="bbox 1037 1051 1441 1108">
    <p class='ocr_par' dir='ltr' id='par_1_10' title="bbox 1037 1051 1441 1108">
     <span class='ocr_line' id='line_1_10' title="bbox 1037 1051 1441 1108; baseline -0.007 -1"><span class='ocrx_word' id='word_1_54' title='bbox 1037 1052 1198 1108; x_wconf 72' lang='lat' dir='ltr'><strong>CAP.</strong></span> <span class='ocrx_word' id='word_1_55' title='bbox 1244 1051 1441 1106; x_wconf 80' lang='lat' dir='ltr'><strong>LXIII.</strong></span> 
     </span>
    </p>
   </div>
   <div class='ocr_carea' id='block_1_11' title="bbox 419 1145 2053 1218">
    <p class='ocr_par' dir='ltr' id='par_1_11' title="bbox 419 1145 2053 1218">
     <span class='ocr_line' id='line_1_11' title="bbox 419 1145 2053 1218; baseline -0.007 -10"><span class='ocrx_word' id='word_1_56' title='bbox 419 1153 503 1207; x_wconf 80' lang='lat' dir='ltr'><strong>Ea:</strong></span> <span class='ocrx_word' id='word_1_57' title='bbox 531 1149 716 1207; x_wconf 81' lang='lat' dir='ltr'><strong>eadem</strong></span> <span class='ocrx_word' id='word_1_58' title='bbox 749 1151 895 1205; x_wconf 85' lang='lat' dir='ltr'><strong>beati</strong></span> <span class='ocrx_word' id='word_1_59' title='bbox 916 1151 1172 1218; x_wconf 81' lang='lat' dir='ltr'><strong>Gregorii</strong></span> <span class='ocrx_word' id='word_1_60' title='bbox 1190 1151 1464 1215; x_wconf 83' lang='lat' dir='ltr'><strong>oratione,</strong></span> <span class='ocrx_word' id='word_1_61' title='bbox 1513 1147 1679 1216; x_wconf 79' lang='lat' dir='ltr'><strong>hujus</strong></span> <span class='ocrx_word' id='word_1_62' title='bbox 1734 1145 2053 1214; x_wconf 72' lang='lat' dir='ltr'><strong>S:riptura-</strong></span> 
     </span>
    </p>
   </div>
   <div class='ocr_carea' id='block_1_12' title="bbox 489 1218 2058 1288">
    <p class='ocr_par' dir='ltr' id='par_1_12' title="bbox 489 1218 2058 1288">
     <span class='ocr_line' id='line_1_12' title="bbox 489 1218 2058 1288; baseline -0.004 -11"><span class='ocrx_word' id='word_1_63' title='bbox 489 1238 614 1278; x_wconf 80' lang='lat' dir='ltr'><strong>rum</strong></span> <span class='ocrx_word' id='word_1_64' title='bbox 636 1223 742 1277; x_wconf 83' lang='lat' dir='ltr'><strong>loci</strong></span> <span class='ocrx_word' id='word_1_65' title='bbox 767 1239 786 1277; x_wconf 91' lang='lat'><strong><em>:</em></strong></span> <span class='ocrx_word' id='word_1_66' title='bbox 813 1224 960 1278; x_wconf 66' lang='lat' dir='ltr'><strong>«Erit</strong></span> <span class='ocrx_word' id='word_1_67' title='bbox 980 1226 1115 1277; x_wconf 81' lang='lat' dir='ltr'><strong>Deus</strong></span> <span class='ocrx_word' id='word_1_68' title='bbox 1136 1223 1320 1276; x_wconf 81' lang='lat' dir='ltr'><strong>omnia</strong></span> <span class='ocrx_word' id='word_1_69' title='bbox 1341 1221 1398 1274; x_wconf 87' lang='lat' dir='ltr'><strong>in</strong></span> <span class='ocrx_word' id='word_1_70' title='bbox 1429 1218 2058 1288; x_wconf 74' lang='lat' dir='ltr'><strong>omnibus,»e:cpliratio.</strong></span> 
     </span>
    </p>
   </div>
   <div class='ocr_carea' id='block_1_13' title="bbox 394 1315 2062 1390">
    <p class='ocr_par' dir='ltr' id='par_1_13' title="bbox 394 1315 2062 1390">
     <span class='ocr_line' id='line_1_13' title="bbox 394 1315 2062 1390; baseline -0.006 -13"><span class='ocrx_word' id='word_1_71' title='bbox 394 1327 399 1334; x_wconf 87' lang='lat'><strong>&#39;</strong></span> <span class='ocrx_word' id='word_1_72' title='bbox 487 1325 578 1378; x_wconf 82' lang='grc'><strong>47.</strong></span> <span class='ocrx_word' id='word_1_73' title='bbox 609 1323 900 1378; x_wconf 74' lang='lat' dir='ltr'><strong>Cmterum</strong></span> <span class='ocrx_word' id='word_1_74' title='bbox 931 1319 1382 1378; x_wconf 87' lang='lat' dir='ltr'><strong>instaurationis</strong></span> <span class='ocrx_word' id='word_1_75' title='bbox 1437 1324 1725 1390; x_wconf 89' lang='lat' dir='ltr'><strong>tempore,</strong></span> <span class='ocrx_word' id='word_1_76' title='bbox 1776 1317 1911 1371; x_wconf 82' lang='lat' dir='ltr'><strong>Deus</strong></span> <span class='ocrx_word' id='word_1_77' title='bbox 1955 1315 2062 1370; x_wconf 84' lang='lat' dir='ltr'><strong>erit</strong></span> 
     </span>
    </p>
   </div>
   <div class='ocr_carea' id='block_1_14' title="bbox 417 1405 2061 1479">
    <p class='ocr_par' dir='ltr' id='par_1_14' title="bbox 417 1405 2061 1479">
     <span class='ocr_line' id='line_1_14' title="bbox 417 1405 2061 1479; baseline -0.006 -11"><span class='ocrx_word' id='word_1_78' title='bbox 417 1414 603 1468; x_wconf 83' lang='lat' dir='ltr'><strong>omnia</strong></span> <span class='ocrx_word' id='word_1_79' title='bbox 631 1414 690 1467; x_wconf 86' lang='lat' dir='ltr'><strong>in</strong></span> <span class='ocrx_word' id='word_1_80' title='bbox 721 1413 970 1468; x_wconf 80' lang='lat' dir='ltr'><strong>omnibus</strong></span> <span class='ocrx_word' id='word_1_81' title='bbox 995 1411 1056 1470; x_wconf 79' lang='grc' dir='ltr'><strong>ίο,</strong></span> <span class='ocrx_word' id='word_1_82' title='bbox 1095 1427 1215 1466; x_wconf 90' lang='lat' dir='ltr'><strong>non</strong></span> <span class='ocrx_word' id='word_1_83' title='bbox 1262 1411 1456 1477; x_wconf 87' lang='lat' dir='ltr'><strong>Pater,</strong></span> <span class='ocrx_word' id='word_1_84' title='bbox 1501 1408 1649 1463; x_wconf 88' lang='lat' dir='ltr'><strong>Filio</strong></span> <span class='ocrx_word' id='word_1_85' title='bbox 1708 1422 1953 1479; x_wconf 91' lang='lat' dir='ltr'><strong>prorsus</strong></span> <span class='ocrx_word' id='word_1_86' title='bbox 1998 1405 2061 1458; x_wconf 92' lang='lat' dir='ltr'><strong>in</strong></span> 
     </span>
    </p>
   </div>
   <div class='ocr_carea' id='block_1_15' title="bbox 421 1497 2061 1568">
    <p class='ocr_par' dir='ltr' id='par_1_15' title="bbox 421 1497 2061 1568">
     <span class='ocr_line' id='line_1_15' title="bbox 421 1497 2061 1568; baseline -0.004 -14"><span class='ocrx_word' id='word_1_87' title='bbox 421 1514 555 1554; x_wconf 89' lang='lat' dir='ltr'><strong>eum</strong></span> <span class='ocrx_word' id='word_1_88' title='bbox 589 1499 670 1553; x_wconf 90' lang='lat' dir='ltr'><strong>ita</strong></span> <span class='ocrx_word' id='word_1_89' title='bbox 696 1499 1050 1563; x_wconf 86' lang='lat' dir='ltr'><strong>resoluto,ut</strong></span> <span class='ocrx_word' id='word_1_90' title='bbox 1075 1498 1124 1553; x_wconf 89' lang='lat' dir='ltr'><strong>si</strong></span> <span class='ocrx_word' id='word_1_91' title='bbox 1157 1497 1308 1553; x_wconf 71' lang='lat' dir='ltr'><strong>taeda</strong></span> <span class='ocrx_word' id='word_1_92' title='bbox 1330 1498 1389 1552; x_wconf 93' lang='lat' dir='ltr'><strong>in</strong></span> <span class='ocrx_word' id='word_1_93' title='bbox 1423 1513 1702 1568; x_wconf 80' lang='lat' dir='ltr'><strong>magnum</strong></span> <span class='ocrx_word' id='word_1_94' title='bbox 1737 1510 1960 1565; x_wconf 70' lang='lat' dir='ltr'><strong>rogum.</strong></span> <span class='ocrx_word' id='word_1_95' title='bbox 1988 1509 2061 1550; x_wconf 84' lang='lat' dir='ltr'><strong>ex</strong></span> 
     </span>
    </p>
   </div>
   <div class='ocr_carea' id='block_1_16' title="bbox 419 1585 2061 1660">
    <p class='ocr_par' dir='ltr' id='par_1_16' title="bbox 419 1585 2061 1660">
     <span class='ocr_line' id='line_1_16' title="bbox 419 1585 2061 1660; baseline -0.003 -17"><span class='ocrx_word' id='word_1_96' title='bbox 419 1604 536 1658; x_wconf 92' lang='lat' dir='ltr'><strong>quo</strong></span> <span class='ocrx_word' id='word_1_97' title='bbox 569 1595 840 1660; x_wconf 81' lang='lat' dir='ltr'><strong>exempta</strong></span> <span class='ocrx_word' id='word_1_98' title='bbox 861 1588 1041 1644; x_wconf 83' lang='lat' dir='ltr'><strong>fuerit</strong></span> <span class='ocrx_word' id='word_1_99' title='bbox 1069 1587 1142 1642; x_wconf 90' lang='lat' dir='ltr'><strong>ad</strong></span> <span class='ocrx_word' id='word_1_100' title='bbox 1165 1594 1417 1657; x_wconf 78' lang='lat' dir='ltr'><strong>tempus,</strong></span> <span class='ocrx_word' id='word_1_101' title='bbox 1443 1587 1654 1640; x_wconf 88' lang='lat' dir='ltr'><strong>iterum</strong></span> <span class='ocrx_word' id='word_1_102' title='bbox 1689 1585 2061 1656; x_wconf 84' lang='lat' dir='ltr'><strong>conjiciatur.</strong></span> 
     </span>
    </p>
   </div>
   <div class='ocr_carea' id='block_1_17' title="bbox 421 1673 2058 1744">
    <p class='ocr_par' dir='ltr' id='par_1_17' title="bbox 421 1673 2058 1744">
     <span class='ocr_line' id='line_1_17' title="bbox 421 1673 2058 1744; baseline -0.004 -10"><span class='ocrx_word' id='word_1_103' title='bbox 421 1693 496 1734; x_wconf 88' lang='lat' dir='ltr'><strong>ne</strong></span> <span class='ocrx_word' id='word_1_104' title='bbox 528 1679 683 1734; x_wconf 90' lang='lat' dir='ltr'><strong>enim</strong></span> <span class='ocrx_word' id='word_1_105' title='bbox 718 1679 960 1734; x_wconf 88' lang='lat' dir='ltr'><strong>Sabellii</strong></span> <span class='ocrx_word' id='word_1_106' title='bbox 992 1677 1103 1732; x_wconf 87' lang='lat' dir='ltr'><strong>hoc</strong></span> <span class='ocrx_word' id='word_1_107' title='bbox 1137 1677 1293 1731; x_wconf 92' lang='lat' dir='ltr'><strong>dicto</strong></span> <span class='ocrx_word' id='word_1_108' title='bbox 1328 1691 1797 1744; x_wconf 89' lang='lat' dir='ltr'><strong>corrumpamur.</strong></span> <span class='ocrx_word' id='word_1_109' title='bbox 1835 1673 1938 1729; x_wconf 91' lang='lat' dir='ltr'><strong>sed</strong></span> <span class='ocrx_word' id='word_1_110' title='bbox 1969 1680 2058 1727; x_wconf 91' lang='lat' dir='ltr'><strong>to-</strong></span> 
     </span>
    </p>
   </div>
   <div class='ocr_carea' id='block_1_18' title="bbox 421 1764 2065 1840">
    <p class='ocr_par' dir='ltr' id='par_1_18' title="bbox 421 1764 2065 1840">
     <span class='ocr_line' id='line_1_18' title="bbox 421 1764 2065 1840; baseline -0.005 -12"><span class='ocrx_word' id='word_1_111' title='bbox 421 1779 516 1828; x_wconf 90' lang='lat' dir='ltr'><strong>tus</strong></span> <span class='ocrx_word' id='word_1_112' title='bbox 549 1775 700 1826; x_wconf 89' lang='lat' dir='ltr'><strong>Deus</strong></span> <span class='ocrx_word' id='word_1_113' title='bbox 733 1789 748 1835; x_wconf 86' lang='lat'><strong>;</strong></span> <span class='ocrx_word' id='word_1_114' title='bbox 781 1785 896 1840; x_wconf 91' lang='lat' dir='ltr'><strong>quo</strong></span> <span class='ocrx_word' id='word_1_115' title='bbox 955 1767 1197 1837; x_wconf 86' lang='lat' dir='ltr'><strong>quidem</strong></span> <span class='ocrx_word' id='word_1_116' title='bbox 1255 1774 1519 1838; x_wconf 76' lang='lat' dir='ltr'><strong>tempore</strong></span> <span class='ocrx_word' id='word_1_117' title='bbox 1566 1782 1685 1820; x_wconf 88' lang='lat' dir='ltr'><strong>non</strong></span> <span class='ocrx_word' id='word_1_118' title='bbox 1718 1764 1969 1836; x_wconf 82' lang='lat' dir='ltr'><strong>amplius</strong></span> <span class='ocrx_word' id='word_1_119' title='bbox 2003 1771 2065 1820; x_wconf 84' lang='lat' dir='ltr'><strong>ut</strong></span> 
     </span>
    </p>
   </div>
   <div class='ocr_carea' id='block_1_19' title="bbox 421 1855 2146 1928">
    <p class='ocr_par' dir='ltr' id='par_1_19' title="bbox 421 1855 2146 1928">
     <span class='ocr_line' id='line_1_19' title="bbox 421 1855 2146 1928; baseline -0.006 -10"><span class='ocrx_word' id='word_1_120' title='bbox 421 1861 597 1918; x_wconf 67' lang='lat' dir='ltr'><strong>hodie</strong></span> <span class='ocrx_word' id='word_1_121' title='bbox 628 1860 847 1915; x_wconf 82' lang='lat' dir='ltr'><strong>multas</strong></span> <span class='ocrx_word' id='word_1_122' title='bbox 877 1857 936 1912; x_wconf 91' lang='lat' dir='ltr'><strong>in</strong></span> <span class='ocrx_word' id='word_1_123' title='bbox 961 1865 1155 1928; x_wconf 88' lang='lat' dir='ltr'><strong>partes</strong></span> <span class='ocrx_word' id='word_1_124' title='bbox 1188 1857 1446 1912; x_wconf 89' lang='lat' dir='ltr'><strong>motibus</strong></span> <span class='ocrx_word' id='word_1_125' title='bbox 1468 1855 1649 1912; x_wconf 89' lang='lat' dir='ltr'><strong>animi</strong></span> <span class='ocrx_word' id='word_1_126' title='bbox 1700 1861 1876 1925; x_wconf 88' lang='lat' dir='ltr'><strong>atque</strong></span> <span class='ocrx_word' id='word_1_127' title='bbox 1932 1870 2066 1925; x_wconf 90' lang='lat' dir='ltr'><strong>per-</strong></span> <span class='ocrx_word' id='word_1_128' title='bbox 2101 1860 2146 1926; x_wconf 77' lang='grc' dir='ltr'><strong>Β</strong></span> 
     </span>
    </p>
   </div>
   <div class='ocr_carea' id='block_1_20' title="bbox 422 1943 2066 2015">
    <p class='ocr_par' dir='ltr' id='par_1_20' title="bbox 422 1943 2066 2015">
     <span class='ocr_line' id='line_1_20' title="bbox 422 1943 2066 2015; baseline -0.005 -9"><span class='ocrx_word' id='word_1_129' title='bbox 422 1947 860 2006; x_wconf 80' lang='lat' dir='ltr'><strong>turbationibus</strong></span> <span class='ocrx_word' id='word_1_130' title='bbox 917 1947 1338 2015; x_wconf 86' lang='lat' dir='ltr'><strong>distrahemur,</strong></span> <span class='ocrx_word' id='word_1_131' title='bbox 1396 1945 1499 2000; x_wconf 91' lang='lat' dir='ltr'><strong>Dei</strong></span> <span class='ocrx_word' id='word_1_132' title='bbox 1545 1945 1692 1999; x_wconf 81' lang='lat' dir='ltr'><strong>nihil</strong></span> <span class='ocrx_word' id='word_1_133' title='bbox 1742 1943 2066 2015; x_wconf 82' lang='lat' dir='ltr'><strong>quidquam</strong></span> 
     </span>
    </p>
   </div>
   <div class='ocr_carea' id='block_1_21' title="bbox 423 2032 2066 2112">
    <p class='ocr_par' dir='ltr' id='par_1_21' title="bbox 423 2032 2066 2112">
     <span class='ocr_line' id='line_1_21' title="bbox 423 2032 2066 2112; baseline -0.006 -15"><span class='ocrx_word' id='word_1_134' title='bbox 423 2040 512 2097; x_wconf 89' lang='lat' dir='ltr'><strong>vel</strong></span> <span class='ocrx_word' id='word_1_135' title='bbox 569 2038 960 2112; x_wconf 84' lang='lat' dir='ltr'><strong>perpusillum</strong></span> <span class='ocrx_word' id='word_1_136' title='bbox 1035 2037 1094 2092; x_wconf 92' lang='lat' dir='ltr'><strong>in</strong></span> <span class='ocrx_word' id='word_1_137' title='bbox 1162 2037 1334 2092; x_wconf 90' lang='lat' dir='ltr'><strong>nobis</strong></span> <span class='ocrx_word' id='word_1_138' title='bbox 1400 2036 1546 2108; x_wconf 81' lang='lat' dir='ltr'><strong>ipsis</strong></span> <span class='ocrx_word' id='word_1_139' title='bbox 1613 2035 1916 2091; x_wconf 88' lang='lat' dir='ltr'><strong>ferentes:</strong></span> <span class='ocrx_word' id='word_1_140' title='bbox 1964 2032 2066 2088; x_wconf 91' lang='lat' dir='ltr'><strong>sed</strong></span> 
     </span>
    </p>
   </div>
   <div class='ocr_carea' id='block_1_22' title="bbox 429 2123 2068 2201">
    <p class='ocr_par' dir='ltr' id='par_1_22' title="bbox 429 2123 2068 2201">
     <span class='ocr_line' id='line_1_22' title="bbox 429 2123 2068 2201; baseline -0.005 -17"><span class='ocrx_word' id='word_1_141' title='bbox 429 2135 545 2186; x_wconf 88' lang='lat' dir='ltr'><strong>Deo</strong></span> <span class='ocrx_word' id='word_1_142' title='bbox 603 2128 780 2201; x_wconf 88' lang='lat' dir='ltr'><strong>plane</strong></span> <span class='ocrx_word' id='word_1_143' title='bbox 828 2125 1076 2194; x_wconf 87' lang='lat' dir='ltr'><strong>similes,</strong></span> <span class='ocrx_word' id='word_1_144' title='bbox 1136 2126 1356 2196; x_wconf 88' lang='lat' dir='ltr'><strong>Deique</strong></span> <span class='ocrx_word' id='word_1_145' title='bbox 1405 2124 1590 2180; x_wconf 89' lang='lat' dir='ltr'><strong>solius</strong></span> <span class='ocrx_word' id='word_1_146' title='bbox 1634 2139 1898 2196; x_wconf 80' lang='lat' dir='ltr'><strong>capaces.</strong></span> <span class='ocrx_word' id='word_1_147' title='bbox 1935 2123 2068 2176; x_wconf 60' lang='lat' dir='ltr'><strong>Haec</strong></span> 
     </span>
    </p>
   </div>
   <div class='ocr_carea' id='block_1_23' title="bbox 427 2210 2066 2289">
    <p class='ocr_par' dir='ltr' id='par_1_23' title="bbox 427 2210 2066 2289">
     <span class='ocr_line' id='line_1_23' title="bbox 427 2210 2066 2289; baseline -0.007 -13"><span class='ocrx_word' id='word_1_148' title='bbox 427 2220 584 2276; x_wconf 86' lang='lat' dir='ltr'><strong>enim</strong></span> <span class='ocrx_word' id='word_1_149' title='bbox 618 2225 708 2274; x_wconf 89' lang='lat' dir='ltr'><strong>est</strong></span> <span class='ocrx_word' id='word_1_150' title='bbox 745 2216 1027 2289; x_wconf 83' lang='lat' dir='ltr'><strong>perfectio</strong></span> <span class='ocrx_word' id='word_1_151' title='bbox 1070 2214 1143 2270; x_wconf 92' lang='lat' dir='ltr'><strong>ad</strong></span> <span class='ocrx_word' id='word_1_152' title='bbox 1193 2230 1370 2286; x_wconf 86' lang='lat' dir='ltr'><strong>quam</strong></span> <span class='ocrx_word' id='word_1_153' title='bbox 1409 2229 1798 2286; x_wconf 86' lang='lat' dir='ltr'><strong>properamus</strong></span> <span class='ocrx_word' id='word_1_154' title='bbox 1831 2228 1845 2267; x_wconf 90' lang='lat'>:</span> <span class='ocrx_word' id='word_1_155' title='bbox 1897 2210 2066 2280; x_wconf 80' lang='lat' dir='ltr'><strong>cujus</strong></span> 
     </span>
    </p>
   </div>
   <div class='ocr_carea' id='block_1_24' title="bbox 428 2303 2067 2380">
    <p class='ocr_par' dir='ltr' id='par_1_24' title="bbox 428 2303 2067 2380">
     <span class='ocr_line' id='line_1_24' title="bbox 428 2303 2067 2380; baseline -0.005 -17"><span class='ocrx_word' id='word_1_156' title='bbox 428 2309 666 2380; x_wconf 86' lang='lat' dir='ltr'><strong>quidem</strong></span> <span class='ocrx_word' id='word_1_157' title='bbox 694 2307 954 2362; x_wconf 84' lang='lat' dir='ltr'><strong>maximo</strong></span> <span class='ocrx_word' id='word_1_158' title='bbox 984 2312 1334 2377; x_wconf 77' lang='lat' dir='ltr'><strong>argumento</strong></span> <span class='ocrx_word' id='word_1_159' title='bbox 1367 2311 1455 2358; x_wconf 89' lang='lat' dir='ltr'><strong>est</strong></span> <span class='ocrx_word' id='word_1_160' title='bbox 1479 2303 1685 2360; x_wconf 87' lang='lat' dir='ltr'><strong>beatus</strong></span> <span class='ocrx_word' id='word_1_161' title='bbox 1744 2303 1869 2374; x_wconf 84' lang='lat' dir='ltr'><strong>ipse</strong></span> <span class='ocrx_word' id='word_1_162' title='bbox 1927 2306 2067 2355; x_wconf 85' lang='lat' dir='ltr'><strong>t&#39;au-</strong></span> 
     </span>
    </p>
   </div>
   <div class='ocr_carea' id='block_1_25' title="bbox 425 2390 2065 2463">
    <p class='ocr_par' dir='ltr' id='par_1_25' title="bbox 425 2390 2065 2463">
     <span class='ocr_line' id='line_1_25' title="bbox 425 2390 2065 2463; baseline -0.007 -9"><span class='ocrx_word' id='word_1_163' title='bbox 425 2397 534 2454; x_wconf 88' lang='lat' dir='ltr'><strong>lus.</strong></span> <span class='ocrx_word' id='word_1_164' title='bbox 565 2395 730 2463; x_wconf 85' lang='lat' dir='ltr'><strong>Quod</strong></span> <span class='ocrx_word' id='word_1_165' title='bbox 763 2396 921 2452; x_wconf 89' lang='lat' dir='ltr'><strong>enim</strong></span> <span class='ocrx_word' id='word_1_166' title='bbox 981 2394 1092 2448; x_wconf 86' lang='lat' dir='ltr'><strong>hoc</strong></span> <span class='ocrx_word' id='word_1_167' title='bbox 1121 2395 1180 2448; x_wconf 92' lang='lat' dir='ltr'><strong>in</strong></span> <span class='ocrx_word' id='word_1_168' title='bbox 1213 2395 1340 2448; x_wconf 92' lang='lat' dir='ltr'><strong>loco</strong></span> <span class='ocrx_word' id='word_1_169' title='bbox 1363 2394 1434 2448; x_wconf 91' lang='lat' dir='ltr'><strong>de</strong></span> <span class='ocrx_word' id='word_1_170' title='bbox 1475 2394 1591 2448; x_wconf 89' lang='lat' dir='ltr'><strong>Deo</strong></span> <span class='ocrx_word' id='word_1_171' title='bbox 1632 2390 1940 2446; x_wconf 77' lang='lat' dir='ltr'><strong>indefinite</strong></span> <span class='ocrx_word' id='word_1_172' title='bbox 1961 2391 2065 2455; x_wconf 87' lang='lat' dir='ltr'><strong>ait,</strong></span> 
     </span>
    </p>
   </div>
   <div class='ocr_carea' id='block_1_26' title="bbox 425 2481 2070 2557">
    <p class='ocr_par' dir='ltr' id='par_1_26' title="bbox 425 2481 2070 2557">
     <span class='ocr_line' id='line_1_26' title="bbox 425 2481 2070 2557; baseline -0.002 -16"><span class='ocrx_word' id='word_1_173' title='bbox 425 2487 567 2542; x_wconf 85' lang='lat' dir='ltr'><strong>alibi</strong></span> <span class='ocrx_word' id='word_1_174' title='bbox 601 2489 804 2557; x_wconf 86' lang='lat' dir='ltr'><strong>aperte</strong></span> <span class='ocrx_word' id='word_1_175' title='bbox 834 2485 905 2539; x_wconf 91' lang='lat' dir='ltr'><strong>de</strong></span> <span class='ocrx_word' id='word_1_176' title='bbox 936 2482 1167 2538; x_wconf 73' lang='lat' dir='ltr'><strong>Lbristo</strong></span> <span class='ocrx_word' id='word_1_177' title='bbox 1188 2481 1828 2552; x_wconf 80' lang='lat' dir='ltr'><strong>afﬁrmat,quibnsnam</strong></span> <span class='ocrx_word' id='word_1_178' title='bbox 1847 2483 2070 2538; x_wconf 78' lang='lat' dir='ltr'><strong>verbis?</strong></span> 
     </span>
    </p>
   </div>
   <div class='ocr_carea' id='block_1_27' title="bbox 435 2572 2069 2647">
    <p class='ocr_par' dir='ltr' id='par_1_27' title="bbox 435 2572 2069 2647">
     <span class='ocr_line' id='line_1_27' title="bbox 435 2572 2069 2647; baseline -0.004 -15"><span class='ocrx_word' id='word_1_179' title='bbox 435 2577 536 2632; x_wconf 81' lang='lat' dir='ltr'><strong>Ubi</strong></span> <span class='ocrx_word' id='word_1_180' title='bbox 555 2591 663 2630; x_wconf 84' lang='lat' dir='ltr'><strong>non</strong></span> <span class='ocrx_word' id='word_1_181' title='bbox 685 2581 762 2629; x_wconf 86' lang='lat' dir='ltr'><strong>est</strong></span> <span class='ocrx_word' id='word_1_182' title='bbox 793 2573 1021 2647; x_wconf 76' lang='lat' dir='ltr'><strong>gentilis</strong></span> <span class='ocrx_word' id='word_1_183' title='bbox 1073 2581 1124 2627; x_wconf 86' lang='lat' dir='ltr'><strong>et</strong></span> <span class='ocrx_word' id='word_1_184' title='bbox 1171 2573 1414 2637; x_wconf 69' lang='lat' dir='ltr'><strong>Iudaeus,</strong></span> <span class='ocrx_word' id='word_1_185' title='bbox 1445 2572 1783 2628; x_wconf 67' lang='lat' dir='ltr'><strong>circumcisio</strong></span> <span class='ocrx_word' id='word_1_186' title='bbox 1841 2579 1891 2627; x_wconf 68' lang='lat' dir='ltr'><strong>et</strong></span> <span class='ocrx_word' id='word_1_187' title='bbox 1928 2589 2069 2642; x_wconf 74' lang='lat' dir='ltr'><strong>pra:-</strong></span> 
     </span>
    </p>
   </div>
   <div class='ocr_carea' id='block_1_28' title="bbox 421 2662 2070 2737">
    <p class='ocr_par' dir='ltr' id='par_1_28' title="bbox 421 2662 2070 2737">
     <span class='ocr_line' id='line_1_28' title="bbox 421 2662 2070 2737; baseline -0.001 -17"><span class='ocrx_word' id='word_1_188' title='bbox 421 2667 669 2737; x_wconf 83' lang='lat' dir='ltr'><strong>putium,</strong></span> <span class='ocrx_word' id='word_1_189' title='bbox 718 2664 999 2719; x_wconf 78' lang='lat' dir='ltr'><strong>Barbarus</strong></span> <span class='ocrx_word' id='word_1_190' title='bbox 1053 2670 1103 2718; x_wconf 83' lang='lat' dir='ltr'><strong>et</strong></span> <span class='ocrx_word' id='word_1_191' title='bbox 1162 2664 1377 2733; x_wconf 72' lang='lat' dir='ltr'><strong>Scytha,</strong></span> <span class='ocrx_word' id='word_1_192' title='bbox 1435 2678 1620 2718; x_wconf 74' lang='lat' dir='ltr'><strong>cerrus</strong></span> <span class='ocrx_word' id='word_1_193' title='bbox 1673 2669 1725 2717; x_wconf 86' lang='lat' dir='ltr'><strong>et</strong></span> <span class='ocrx_word' id='word_1_194' title='bbox 1775 2662 1930 2733; x_wconf 80' lang='lat' dir='ltr'><strong>liber,</strong></span> <span class='ocrx_word' id='word_1_195' title='bbox 1977 2662 2070 2718; x_wconf 86' lang='lat' dir='ltr'><strong>sed</strong></span> 
     </span>
    </p>
   </div>
   <div class='ocr_carea' id='block_1_29' title="bbox 426 2750 1355 2811">
    <p class='ocr_par' dir='ltr' id='par_1_29' title="bbox 426 2750 1355 2811">
     <span class='ocr_line' id='line_1_29' title="bbox 426 2750 1355 2811; baseline -0.004 -1"><span class='ocrx_word' id='word_1_196' title='bbox 426 2753 614 2811; x_wconf 82' lang='lat' dir='ltr'><strong>omnia</strong></span> <span class='ocrx_word' id='word_1_197' title='bbox 643 2755 705 2808; x_wconf 85' lang='lat' dir='ltr'><strong>in</strong></span> <span class='ocrx_word' id='word_1_198' title='bbox 735 2753 985 2809; x_wconf 75' lang='lat' dir='ltr'><strong>omnibus</strong></span> <span class='ocrx_word' id='word_1_199' title='bbox 1011 2753 1258 2810; x_wconf 76' lang='lat' dir='ltr'><strong>Christus</strong></span> <span class='ocrx_word' id='word_1_200' title='bbox 1287 2750 1355 2806; x_wconf 74' lang='grc' dir='ltr'><strong>ίι.</strong></span> 
     </span>
    </p>
   </div>
   <div class='ocr_carea' id='block_1_30' title="bbox 1054 2878 1436 2935">
    <p class='ocr_par' dir='ltr' id='par_1_30' title="bbox 1054 2878 1436 2935">
     <span class='ocr_line' id='line_1_30' title="bbox 1054 2878 1436 2935; baseline -0.008 0"><span class='ocrx_word' id='word_1_201' title='bbox 1054 2879 1211 2935; x_wconf 72' lang='lat' dir='ltr'><strong>CAP.</strong></span> <span class='ocrx_word' id='word_1_202' title='bbox 1253 2878 1436 2934; x_wconf 83' lang='lat' dir='ltr'><strong>LXIV.</strong></span> 
     </span>
    </p>
   </div>
   <div class='ocr_carea' id='block_1_31' title="bbox 435 2995 2068 3068">
    <p class='ocr_par' dir='ltr' id='par_1_31' title="bbox 435 2995 2068 3068">
     <span class='ocr_line' id='line_1_31' title="bbox 435 2995 2068 3068; baseline -0.001 -17"><span class='ocrx_word' id='word_1_203' title='bbox 435 2997 504 3054; x_wconf 89' lang='lat' dir='ltr'><strong>Dc</strong></span> <span class='ocrx_word' id='word_1_204' title='bbox 542 3013 621 3060; x_wconf 87' lang='lat' dir='ltr'><strong>eo.</strong></span> <span class='ocrx_word' id='word_1_205' title='bbox 655 2997 802 3068; x_wconf 85' lang='lat' dir='ltr'><strong>quod</strong></span> <span class='ocrx_word' id='word_1_206' title='bbox 830 3013 938 3054; x_wconf 85' lang='lat' dir='ltr'><strong>non</strong></span> <span class='ocrx_word' id='word_1_207' title='bbox 967 2999 1140 3063; x_wconf 70' lang='lat' dir='ltr'><strong>possit</strong></span> <span class='ocrx_word' id='word_1_208' title='bbox 1169 2995 1348 3052; x_wconf 84' lang='lat' dir='ltr'><strong>Filius</strong></span> <span class='ocrx_word' id='word_1_209' title='bbox 1393 3013 1428 3048; x_wconf 89' lang='lat' dir='ltr'><strong>a</strong></span> <span class='ocrx_word' id='word_1_210' title='bbox 1457 2997 1630 3065; x_wconf 83' lang='lat' dir='ltr'><strong>seipso</strong></span> <span class='ocrx_word' id='word_1_211' title='bbox 1676 2999 1858 3064; x_wconf 72' lang='lat' dir='ltr'><strong>facere</strong></span> <span class='ocrx_word' id='word_1_212' title='bbox 1905 2995 2068 3067; x_wconf 85' lang='lat' dir='ltr'><strong>quid-</strong></span> 
     </span>
    </p>
   </div>
   <div class='ocr_carea' id='block_1_32' title="bbox 594 3068 1878 3139">
    <p class='ocr_par' dir='ltr' id='par_1_32' title="bbox 594 3068 1878 3139">
     <span class='ocr_line' id='line_1_32' title="bbox 594 3068 1878 3139; baseline -0.002 -17"><span class='ocrx_word' id='word_1_213' title='bbox 594 3084 780 3139; x_wconf 85' lang='lat' dir='ltr'><strong>quam.</strong></span> <span class='ocrx_word' id='word_1_214' title='bbox 812 3071 893 3124; x_wconf 77' lang='lat' dir='ltr'><strong>Ea:</strong></span> <span class='ocrx_word' id='word_1_215' title='bbox 921 3069 1110 3123; x_wconf 59' lang='lat' dir='ltr'><strong>eadem</strong></span> <span class='ocrx_word' id='word_1_216' title='bbox 1142 3068 1286 3123; x_wconf 78' lang='lat' dir='ltr'><strong>beati</strong></span> <span class='ocrx_word' id='word_1_217' title='bbox 1318 3070 1579 3137; x_wconf 67' lang='lat' dir='ltr'><strong>(.regorii</strong></span> <span class='ocrx_word' id='word_1_218' title='bbox 1607 3071 1878 3122; x_wconf 78' lang='lat' dir='ltr'><strong>oratione.</strong></span> 
     </span>
    </p>
   </div>
   <div class='ocr_carea' id='block_1_33' title="bbox 502 3165 2071 3240">
    <p class='ocr_par' dir='ltr' id='par_1_33' title="bbox 502 3165 2071 3240">
     <span class='ocr_line' id='line_1_33' title="bbox 502 3165 2071 3240; baseline -0.001 -18"><span class='ocrx_word' id='word_1_219' title='bbox 502 3169 591 3223; x_wconf 79' lang='grc'><strong>48.</strong></span> <span class='ocrx_word' id='word_1_220' title='bbox 625 3167 862 3224; x_wconf 85' lang='lat' dir='ltr'><strong>Sextum</strong></span> <span class='ocrx_word' id='word_1_221' title='bbox 883 3171 1236 3240; x_wconf 82' lang='lat' dir='ltr'><strong>apponatur,</strong></span> <span class='ocrx_word' id='word_1_222' title='bbox 1267 3165 1426 3238; x_wconf 91' lang='lat' dir='ltr'><strong>quod</strong></span> <span class='ocrx_word' id='word_1_223' title='bbox 1463 3167 1582 3222; x_wconf 86' lang='lat' dir='ltr'><strong>Non</strong></span> <span class='ocrx_word' id='word_1_224' title='bbox 1606 3167 1781 3237; x_wconf 71' lang='lat' dir='ltr'><strong>possit</strong></span> <span class='ocrx_word' id='word_1_225' title='bbox 1813 3165 1987 3220; x_wconf 82' lang='lat' dir='ltr'><strong>Filius</strong></span> <span class='ocrx_word' id='word_1_226' title='bbox 2036 3182 2071 3220; x_wconf 84' lang='grc' dir='ltr'>α</span> 
     </span>
    </p>
   </div>
   <div class='ocr_carea' id='block_1_34' title="bbox 428 3228 2147 3328">
    <p class='ocr_par' dir='ltr' id='par_1_34' title="bbox 428 3228 2147 3328">
     <span class='ocr_line' id='line_1_34' title="bbox 428 3228 2147 3328; baseline -0.002 -15"><span class='ocrx_word' id='word_1_227' title='bbox 428 3259 604 3328; x_wconf 76' lang='lat' dir='ltr'><strong>seipso</strong></span> <span class='ocrx_word' id='word_1_228' title='bbox 634 3228 938 3328; x_wconf 63' lang='lat' dir='ltr'><strong>quidquam</strong></span> <span class='ocrx_word' id='word_1_229' title='bbox 965 3228 1170 3327; x_wconf 44' lang='lat' dir='ltr'><strong>‘facere,</strong></span> <span class='ocrx_word' id='word_1_230' title='bbox 1341 3257 1559 3312; x_wconf 82' lang='lat' dir='ltr'><strong>Patrem</strong></span> <span class='ocrx_word' id='word_1_231' title='bbox 1588 3228 1883 3325; x_wconf 61' lang='lat' dir='ltr'><strong>facientem</strong></span> <span class='ocrx_word' id='word_1_232' title='bbox 1912 3257 2035 3310; x_wconf 78' lang='lat' dir='ltr'><strong>vide</strong></span> <span class='ocrx_word' id='word_1_233' title='bbox 2105 3228 2147 3293; x_wconf 67' lang='grc' dir='ltr'><strong>(ἶ</strong></span> 
     </span>
    </p>
   </div>
   <div class='ocr_carea' id='block_1_35' title="bbox 430 3347 2080 3419">
    <p class='ocr_par' dir='ltr' id='par_1_35' title="bbox 430 3347 2080 3419">
     <span class='ocr_line' id='line_1_35' title="bbox 430 3347 2080 3419; baseline 0 -19"><span class='ocrx_word' id='word_1_234' title='bbox 430 3349 506 3401; x_wconf 81' lang='lat' dir='ltr'><strong>rit</strong></span> <span class='ocrx_word' id='word_1_235' title='bbox 540 3347 602 3382; x_wconf 69' lang='grc' dir='ltr'><strong>ιτ·</strong></span> <span class='ocrx_word' id='word_1_236' title='bbox 628 3347 746 3400; x_wconf 86' lang='lat' dir='ltr'><strong>Hoc</strong></span> <span class='ocrx_word' id='word_1_237' title='bbox 779 3364 911 3402; x_wconf 81' lang='lat' dir='ltr'><strong>vero</strong></span> <span class='ocrx_word' id='word_1_238' title='bbox 935 3347 1016 3400; x_wconf 81' lang='lat' dir='ltr'><strong>ita</strong></span> <span class='ocrx_word' id='word_1_239' title='bbox 1052 3366 1113 3402; x_wconf 91' lang='lat' dir='ltr'><strong>se</strong></span> <span class='ocrx_word' id='word_1_240' title='bbox 1143 3347 1341 3402; x_wconf 82' lang='lat' dir='ltr'><strong>habet.</strong></span> <span class='ocrx_word' id='word_1_241' title='bbox 1376 3349 1554 3403; x_wconf 85' lang='lat' dir='ltr'><strong>Posse</strong></span> <span class='ocrx_word' id='word_1_242' title='bbox 1587 3347 1674 3402; x_wconf 73' lang='lat' dir='ltr'><strong>Vl&#39;l</strong></span> <span class='ocrx_word' id='word_1_243' title='bbox 1735 3364 1854 3402; x_wconf 86' lang='lat' dir='ltr'><strong>non</strong></span> <span class='ocrx_word' id='word_1_244' title='bbox 1907 3361 2080 3419; x_wconf 85' lang='lat' dir='ltr'><strong>posse</strong></span> 
     </span>
    </p>
   </div>
   <div class='ocr_carea' id='block_1_36' title="bbox 427 3435 2079 3504">
    <p class='ocr_par' dir='ltr' id='par_1_36' title="bbox 427 3435 2079 3504">
     <span class='ocr_line' id='line_1_36' title="bbox 427 3435 2079 3504; baseline 0.001 -16"><span class='ocrx_word' id='word_1_245' title='bbox 427 3449 808 3504; x_wconf 83' lang='lat' dir='ltr'><strong>nequaquam</strong></span> <span class='ocrx_word' id='word_1_246' title='bbox 837 3451 1042 3488; x_wconf 87' lang='lat' dir='ltr'><strong>eorum</strong></span> <span class='ocrx_word' id='word_1_247' title='bbox 1075 3441 1184 3502; x_wconf 89' lang='lat' dir='ltr'><strong>est,</strong></span> <span class='ocrx_word' id='word_1_248' title='bbox 1220 3449 1350 3504; x_wconf 74' lang='lat' dir='ltr'><strong>qum</strong></span> <span class='ocrx_word' id='word_1_249' title='bbox 1383 3452 1498 3490; x_wconf 90' lang='lat' dir='ltr'><strong>uno</strong></span> <span class='ocrx_word' id='word_1_250' title='bbox 1532 3435 1843 3495; x_wconf 85' lang='lat' dir='ltr'><strong>modo.sed</strong></span> <span class='ocrx_word' id='word_1_251' title='bbox 1874 3451 2079 3491; x_wconf 86' lang='lat' dir='ltr'><strong>eorum</strong></span> 
     </span>
    </p>
   </div>
   <div class='ocr_carea' id='block_1_37' title="bbox 431 3521 2082 3594">
    <p class='ocr_par' dir='ltr' id='par_1_37' title="bbox 431 3521 2082 3594">
     <span class='ocr_line' id='line_1_37' title="bbox 431 3521 2082 3594; baseline 0.001 -17"><span class='ocrx_word' id='word_1_252' title='bbox 431 3538 562 3594; x_wconf 64' lang='lat' dir='ltr'><strong>quas</strong></span> <span class='ocrx_word' id='word_1_253' title='bbox 613 3521 887 3594; x_wconf 82' lang='lat' dir='ltr'><strong>pluribus</strong></span> <span class='ocrx_word' id='word_1_254' title='bbox 940 3524 1283 3576; x_wconf 76' lang='lat' dir='ltr'><strong>efferuntur.</strong></span> <span class='ocrx_word' id='word_1_255' title='bbox 1347 3524 1589 3592; x_wconf 89' lang='lat' dir='ltr'><strong>Aliquid</strong></span> <span class='ocrx_word' id='word_1_256' title='bbox 1649 3525 1808 3579; x_wconf 88' lang='lat' dir='ltr'><strong>enim</strong></span> <span class='ocrx_word' id='word_1_257' title='bbox 1865 3525 2082 3579; x_wconf 87' lang='lat' dir='ltr'><strong>dicitur</strong></span> 
     </span>
    </p>
   </div>
   <div class='ocr_carea' id='block_1_38' title="bbox 437 3609 2081 3683">
    <p class='ocr_par' dir='ltr' id='par_1_38' title="bbox 437 3609 2081 3683">
     <span class='ocr_line' id='line_1_38' title="bbox 437 3609 2081 3683; baseline 0.001 -16"><span class='ocrx_word' id='word_1_258' title='bbox 437 3611 564 3668; x_wconf 84' lang='lat' dir='ltr'><strong>fieri</strong></span> <span class='ocrx_word' id='word_1_259' title='bbox 589 3627 709 3666; x_wconf 91' lang='lat' dir='ltr'><strong>non</strong></span> <span class='ocrx_word' id='word_1_260' title='bbox 739 3627 930 3682; x_wconf 89' lang='lat' dir='ltr'><strong>posse.</strong></span> <span class='ocrx_word' id='word_1_261' title='bbox 965 3610 1180 3683; x_wconf 88' lang='lat' dir='ltr'><strong>partim</strong></span> <span class='ocrx_word' id='word_1_262' title='bbox 1239 3610 1481 3681; x_wconf 85' lang='lat' dir='ltr'><strong>quidem</strong></span> <span class='ocrx_word' id='word_1_263' title='bbox 1522 3609 1608 3665; x_wconf 89' lang='lat' dir='ltr'><strong>vel</strong></span> <span class='ocrx_word' id='word_1_264' title='bbox 1653 3613 1931 3682; x_wconf 75' lang='lat' dir='ltr'><strong>potentia.-</strong></span> <span class='ocrx_word' id='word_1_265' title='bbox 1977 3614 2081 3669; x_wconf 90' lang='lat' dir='ltr'><strong>de-</strong></span> 
     </span>
    </p>
   </div>
   <div class='ocr_carea' id='block_1_39' title="bbox 431 3700 2080 3774">
    <p class='ocr_par' dir='ltr' id='par_1_39' title="bbox 431 3700 2080 3774">
     <span class='ocr_line' id='line_1_39' title="bbox 431 3700 2080 3774; baseline 0.001 -17"><span class='ocrx_word' id='word_1_266' title='bbox 431 3701 613 3762; x_wconf 87' lang='lat' dir='ltr'><strong>fectu.</strong></span> <span class='ocrx_word' id='word_1_267' title='bbox 649 3700 736 3755; x_wconf 86' lang='lat' dir='ltr'><strong>vel</strong></span> <span class='ocrx_word' id='word_1_268' title='bbox 784 3702 1013 3756; x_wconf 86' lang='lat' dir='ltr'><strong>ratione</strong></span> <span class='ocrx_word' id='word_1_269' title='bbox 1059 3701 1364 3774; x_wconf 89' lang='lat' dir='ltr'><strong>temporis,</strong></span> <span class='ocrx_word' id='word_1_270' title='bbox 1417 3700 1507 3756; x_wconf 81' lang='lat' dir='ltr'><strong>vel</strong></span> <span class='ocrx_word' id='word_1_271' title='bbox 1567 3701 1850 3757; x_wconf 84' lang='lat' dir='ltr'><strong>relative:</strong></span> <span class='ocrx_word' id='word_1_272' title='bbox 1911 3709 1977 3757; x_wconf 92' lang='lat' dir='ltr'><strong>ut</strong></span> <span class='ocrx_word' id='word_1_273' title='bbox 2032 3703 2080 3758; x_wconf 88' lang='lat' dir='ltr'><strong>si</strong></span> 
     </span>
    </p>
   </div>
   <div class='ocr_carea' id='block_1_40' title="bbox 435 3791 2082 3864">
    <p class='ocr_par' dir='ltr' id='par_1_40' title="bbox 435 3791 2082 3864">
     <span class='ocr_line' id='line_1_40' title="bbox 435 3791 2082 3864; baseline -0.001 -17"><span class='ocrx_word' id='word_1_274' title='bbox 435 3806 690 3864; x_wconf 89' lang='lat' dir='ltr'><strong>puerum</strong></span> <span class='ocrx_word' id='word_1_275' title='bbox 742 3797 1118 3856; x_wconf 88' lang='lat' dir='ltr'><strong>certare,aut</strong></span> <span class='ocrx_word' id='word_1_276' title='bbox 1173 3791 1436 3848; x_wconf 87' lang='lat' dir='ltr'><strong>catulum</strong></span> <span class='ocrx_word' id='word_1_277' title='bbox 1486 3791 1706 3856; x_wconf 88' lang='lat' dir='ltr'><strong>videre,</strong></span> <span class='ocrx_word' id='word_1_278' title='bbox 1765 3797 1868 3847; x_wconf 88' lang='lat' dir='ltr'><strong>aut</strong></span> <span class='ocrx_word' id='word_1_279' title='bbox 1923 3791 2082 3847; x_wconf 87' lang='lat' dir='ltr'><strong>hunc</strong></span> 
     </span>
    </p>
   </div>
   <div class='ocr_carea' id='block_1_41' title="bbox 435 3879 2082 3954">
    <p class='ocr_par' dir='ltr' id='par_1_41' title="bbox 435 3879 2082 3954">
     <span class='ocr_line' id='line_1_41' title="bbox 435 3879 2082 3954; baseline 0.002 -20"><span class='ocrx_word' id='word_1_280' title='bbox 435 3879 607 3936; x_wconf 88' lang='lat' dir='ltr'><strong>illum</strong></span> <span class='ocrx_word' id='word_1_281' title='bbox 665 3895 1002 3953; x_wconf 84' lang='lat' dir='ltr'><strong>expugnare</strong></span> <span class='ocrx_word' id='word_1_282' title='bbox 1062 3898 1234 3953; x_wconf 86' lang='lat' dir='ltr'><strong>posse</strong></span> <span class='ocrx_word' id='word_1_283' title='bbox 1292 3895 1490 3954; x_wconf 82' lang='lat' dir='ltr'><strong>neges.</strong></span> <span class='ocrx_word' id='word_1_284' title='bbox 1550 3881 1838 3938; x_wconf 87' lang='lat' dir='ltr'><strong>Fortassis</strong></span> <span class='ocrx_word' id='word_1_285' title='bbox 1922 3882 2082 3938; x_wconf 89' lang='lat' dir='ltr'><strong>enim</strong></span> 
     </span>
    </p>
   </div>
   <div class='ocr_carea' id='block_1_42' title="bbox 436 3968 2085 4042">
    <p class='ocr_par' dir='ltr' id='par_1_42' title="bbox 436 3968 2085 4042">
     <span class='ocr_line' id='line_1_42' title="bbox 436 3968 2085 4042; baseline 0 -16"><span class='ocrx_word' id='word_1_286' title='bbox 436 3968 688 4026; x_wconf 86' lang='lat' dir='ltr'><strong>certabit</strong></span> <span class='ocrx_word' id='word_1_287' title='bbox 745 3969 1071 4041; x_wconf 87' lang='lat' dir='ltr'><strong>aliquando</strong></span> <span class='ocrx_word' id='word_1_288' title='bbox 1129 3987 1294 4042; x_wconf 90' lang='lat' dir='ltr'><strong>puer,</strong></span> <span class='ocrx_word' id='word_1_289' title='bbox 1345 3976 1404 4026; x_wconf 89' lang='lat' dir='ltr'><strong>et</strong></span> <span class='ocrx_word' id='word_1_290' title='bbox 1481 3970 1698 4026; x_wconf 80' lang='lat' dir='ltr'><strong>videbit</strong></span> <span class='ocrx_word' id='word_1_291' title='bbox 1777 3972 1960 4037; x_wconf 87' lang='lat' dir='ltr'><strong>canis,</strong></span> <span class='ocrx_word' id='word_1_292' title='bbox 2025 3976 2085 4026; x_wconf 92' lang='lat' dir='ltr'><strong>et</strong></span> 
     </span>
    </p>
   </div>
   <div class='ocr_carea' id='block_1_43' title="bbox 436 4059 2082 4134">
    <p class='ocr_par' dir='ltr' id='par_1_43' title="bbox 436 4059 2082 4134">
     <span class='ocr_line' id='line_1_43' title="bbox 436 4059 2082 4134; baseline 0.002 -18"><span class='ocrx_word' id='word_1_293' title='bbox 436 4059 535 4116; x_wconf 88' lang='lat' dir='ltr'><strong>hic</strong></span> <span class='ocrx_word' id='word_1_294' title='bbox 568 4059 734 4115; x_wconf 91' lang='lat' dir='ltr'><strong>illum</strong></span> <span class='ocrx_word' id='word_1_295' title='bbox 794 4059 1178 4133; x_wconf 78' lang='lat' dir='ltr'><strong>expugnabit,</strong></span> <span class='ocrx_word' id='word_1_296' title='bbox 1216 4061 1546 4133; x_wconf 90' lang='lat' dir='ltr'><strong>quamlibet</strong></span> <span class='ocrx_word' id='word_1_297' title='bbox 1571 4062 1710 4117; x_wconf 87' lang='lat' dir='ltr'><strong>olim</strong></span> <span class='ocrx_word' id='word_1_298' title='bbox 1743 4063 2082 4134; x_wconf 87' lang='lat' dir='ltr'><strong>quempiam</strong></span> 
     </span>
    </p>
   </div>
   <div class='ocr_carea' id='block_1_44' title="bbox 423 4151 2086 4224">
    <p class='ocr_par' dir='ltr' id='par_1_44' title="bbox 423 4151 2086 4224">
     <span class='ocr_line' id='line_1_44' title="bbox 423 4151 2086 4224; baseline 0.002 -19"><span class='ocrx_word' id='word_1_299' title='bbox 423 4166 774 4223; x_wconf 78' lang='lat' dir='ltr'><strong>expugnare</strong></span> <span class='ocrx_word' id='word_1_300' title='bbox 823 4154 1125 4222; x_wconf 85' lang='lat' dir='ltr'><strong>nequeat;</strong></span> <span class='ocrx_word' id='word_1_301' title='bbox 1185 4151 1400 4224; x_wconf 86' lang='lat' dir='ltr'><strong>partim</strong></span> <span class='ocrx_word' id='word_1_302' title='bbox 1433 4156 1630 4208; x_wconf 88' lang='lat' dir='ltr'><strong>autem</strong></span> <span class='ocrx_word' id='word_1_303' title='bbox 1686 4151 1926 4224; x_wconf 89' lang='lat' dir='ltr'><strong>[dicitur</strong></span> <span class='ocrx_word' id='word_1_304' title='bbox 1979 4152 2086 4208; x_wconf 85' lang='lat' dir='ltr'><strong>ali-</strong></span> 
     </span>
    </p>
   </div>
   <div class='ocr_carea' id='block_1_45' title="bbox 442 4239 2085 4312">
    <p class='ocr_par' dir='ltr' id='par_1_45' title="bbox 442 4239 2085 4312">
     <span class='ocr_line' id='line_1_45' title="bbox 442 4239 2085 4312; baseline 0.001 -18"><span class='ocrx_word' id='word_1_305' title='bbox 442 4239 608 4312; x_wconf 84' lang='lat' dir='ltr'><strong>quid]</strong></span> <span class='ocrx_word' id='word_1_306' title='bbox 632 4246 698 4295; x_wconf 90' lang='lat' dir='ltr'><strong>ut</strong></span> <span class='ocrx_word' id='word_1_307' title='bbox 725 4239 1162 4312; x_wconf 87' lang='lat' dir='ltr'><strong>plurimum,ut</strong></span> <span class='ocrx_word' id='word_1_308' title='bbox 1217 4256 1328 4296; x_wconf 89' lang='lat' dir='ltr'><strong>non</strong></span> <span class='ocrx_word' id='word_1_309' title='bbox 1377 4246 1556 4311; x_wconf 78' lang='lat' dir='ltr'><strong>potest</strong></span> <span class='ocrx_word' id='word_1_310' title='bbox 1613 4243 1806 4297; x_wconf 74' lang='lat' dir='ltr'><strong>civitas</strong></span> <span class='ocrx_word' id='word_1_311' title='bbox 1861 4242 2085 4298; x_wconf 86' lang='lat' dir='ltr'><strong>abscon-</strong></span> 
     </span>
    </p>
   </div>
   <div class='ocr_carea' id='block_1_46' title="bbox 441 4329 2078 4404">
    <p class='ocr_par' dir='ltr' id='par_1_46' title="bbox 441 4329 2078 4404">
     <span class='ocr_line' id='line_1_46' title="bbox 441 4329 2078 4404; baseline 0.002 -20"><span class='ocrx_word' id='word_1_312' title='bbox 441 4329 502 4384; x_wconf 85' lang='lat' dir='ltr'><strong>di</strong></span> <span class='ocrx_word' id='word_1_313' title='bbox 522 4345 691 4404; x_wconf 80' lang='lat' dir='ltr'><strong>supra</strong></span> <span class='ocrx_word' id='word_1_314' title='bbox 747 4337 986 4386; x_wconf 86' lang='lat' dir='ltr'><strong>montem</strong></span> <span class='ocrx_word' id='word_1_315' title='bbox 1031 4329 1312 4402; x_wconf 65' lang='lat' dir='ltr'><strong>posita”.</strong></span> <span class='ocrx_word' id='word_1_316' title='bbox 1363 4329 1652 4386; x_wconf 83' lang='lat' dir='ltr'><strong>Fortassis</strong></span> <span class='ocrx_word' id='word_1_317' title='bbox 1709 4331 1868 4386; x_wconf 90' lang='lat' dir='ltr'><strong>enim</strong></span> <span class='ocrx_word' id='word_1_318' title='bbox 1919 4347 2078 4402; x_wconf 71' lang='lat' dir='ltr'><strong>qua)-</strong></span> 
     </span>
    </p>
   </div>
   <div class='ocr_carea' id='block_1_47' title="bbox 439 4417 2082 4493">
    <p class='ocr_par' dir='ltr' id='par_1_47' title="bbox 439 4417 2082 4493">
     <span class='ocr_line' id='line_1_47' title="bbox 439 4417 2082 4493; baseline 0.001 -19"><span class='ocrx_word' id='word_1_319' title='bbox 439 4417 598 4490; x_wconf 84' lang='lat' dir='ltr'><strong>piam</strong></span> <span class='ocrx_word' id='word_1_320' title='bbox 645 4418 926 4476; x_wconf 84' lang='lat' dir='ltr'><strong>abscondi</strong></span> <span class='ocrx_word' id='word_1_321' title='bbox 978 4424 1170 4492; x_wconf 89' lang='lat' dir='ltr'><strong>potest</strong></span> <span class='ocrx_word' id='word_1_322' title='bbox 1213 4419 1458 4488; x_wconf 86' lang='lat' dir='ltr'><strong>majoris</strong></span> <span class='ocrx_word' id='word_1_323' title='bbox 1509 4419 1764 4492; x_wconf 86' lang='lat' dir='ltr'><strong>alicujus</strong></span> <span class='ocrx_word' id='word_1_324' title='bbox 1816 4421 2082 4493; x_wconf 89' lang='lat' dir='ltr'><strong>corporis</strong></span> 
     </span>
    </p>
   </div>
   <div class='ocr_carea' id='block_1_48' title="bbox 441 4507 2080 4582">
    <p class='ocr_par' dir='ltr' id='par_1_48' title="bbox 441 4507 2080 4582">
     <span class='ocr_line' id='line_1_48' title="bbox 441 4507 2080 4582; baseline 0.001 -19"><span class='ocrx_word' id='word_1_325' title='bbox 441 4507 676 4580; x_wconf 87' lang='lat' dir='ltr'><strong>ohjectu</strong></span> <span class='ocrx_word' id='word_1_326' title='bbox 705 4525 717 4564; x_wconf 93' lang='lat'><strong>:</strong></span> <span class='ocrx_word' id='word_1_327' title='bbox 747 4509 961 4582; x_wconf 90' lang='lat' dir='ltr'><strong>partim</strong></span> <span class='ocrx_word' id='word_1_328' title='bbox 995 4508 1344 4580; x_wconf 81' lang='lat' dir='ltr'><strong>etiam,quia</strong></span> <span class='ocrx_word' id='word_1_329' title='bbox 1367 4509 1578 4565; x_wconf 88' lang='lat' dir='ltr'><strong>ralioni</strong></span> <span class='ocrx_word' id='word_1_330' title='bbox 1612 4515 2080 4566; x_wconf 84' lang='lat' dir='ltr'><strong>consentaneum</strong></span> 
     </span>
    </p>
   </div>
   <div class='ocr_carea' id='block_1_49' title="bbox 2171 581 3819 654">
    <p class='ocr_par' dir='ltr' id='par_1_49' title="bbox 2171 581 3819 654">
     <span class='ocr_line' id='line_1_49' title="bbox 2171 581 3819 654; baseline 0.001 -14"><span class='ocrx_word' id='word_1_331' title='bbox 2171 584 2429 651; x_wconf 77' lang='lat' dir='ltr'><strong>ﬁciente,</strong></span> <span class='ocrx_word' id='word_1_332' title='bbox 2457 581 2627 639; x_wconf 88' lang='lat' dir='ltr'><strong>alteri</strong></span> <span class='ocrx_word' id='word_1_333' title='bbox 2661 582 2823 639; x_wconf 90' lang='lat' dir='ltr'><strong>locus</strong></span> <span class='ocrx_word' id='word_1_334' title='bbox 2853 596 3166 654; x_wconf 85' lang='lat' dir='ltr'><strong>superesse</strong></span> <span class='ocrx_word' id='word_1_335' title='bbox 3197 597 3315 636; x_wconf 94' lang='lat' dir='ltr'><strong>non</strong></span> <span class='ocrx_word' id='word_1_336' title='bbox 3345 588 3614 654; x_wconf 86' lang='lat' dir='ltr'><strong>poterat.</strong></span> <span class='ocrx_word' id='word_1_337' title='bbox 3646 587 3819 642; x_wconf 67' lang='lat' dir='ltr'><strong>Caete-</strong></span> 
     </span>
    </p>
   </div>
   <div class='ocr_carea' id='block_1_50' title="bbox 2167 671 3816 745">
    <p class='ocr_par' dir='ltr' id='par_1_50' title="bbox 2167 671 3816 745">
     <span class='ocr_line' id='line_1_50' title="bbox 2167 671 3816 745; baseline -0.001 -15"><span class='ocrx_word' id='word_1_338' title='bbox 2167 691 2298 730; x_wconf 90' lang='lat' dir='ltr'><strong>rum</strong></span> <span class='ocrx_word' id='word_1_339' title='bbox 2331 691 2408 730; x_wconf 87' lang='lat' dir='ltr'><strong>an</strong></span> <span class='ocrx_word' id='word_1_340' title='bbox 2440 674 2555 730; x_wconf 88' lang='lat' dir='ltr'><strong>hoc</strong></span> <span class='ocrx_word' id='word_1_341' title='bbox 2584 674 2638 729; x_wconf 90' lang='lat' dir='ltr'><strong>ei</strong></span> <span class='ocrx_word' id='word_1_342' title='bbox 2671 690 2907 745; x_wconf 90' lang='lat' dir='ltr'><strong>quoque</strong></span> <span class='ocrx_word' id='word_1_343' title='bbox 2955 671 3254 728; x_wconf 88' lang='lat' dir='ltr'><strong>accenseri</strong></span> <span class='ocrx_word' id='word_1_344' title='bbox 3303 671 3527 744; x_wconf 76' lang='lat' dir='ltr'><strong>possit,</strong></span> <span class='ocrx_word' id='word_1_345' title='bbox 3562 675 3713 745; x_wconf 87' lang='lat' dir='ltr'><strong>quod</strong></span> <span class='ocrx_word' id='word_1_346' title='bbox 3742 693 3816 732; x_wconf 86' lang='lat' dir='ltr'><strong>ra-</strong></span> 
     </span>
    </p>
   </div>
   <div class='ocr_carea' id='block_1_51' title="bbox 2171 763 3813 835">
    <p class='ocr_par' dir='ltr' id='par_1_51' title="bbox 2171 763 3813 835">
     <span class='ocr_line' id='line_1_51' title="bbox 2171 763 3813 835; baseline 0.001 -17"><span class='ocrx_word' id='word_1_347' title='bbox 2171 765 2314 819; x_wconf 91' lang='lat' dir='ltr'><strong>tioni</strong></span> <span class='ocrx_word' id='word_1_348' title='bbox 2349 769 2816 820; x_wconf 85' lang='lat' dir='ltr'><strong>consentaneum</strong></span> <span class='ocrx_word' id='word_1_349' title='bbox 2855 763 3192 835; x_wconf 77' lang='lat' dir='ltr'><strong>est,ignoro.</strong></span> <span class='ocrx_word' id='word_1_350' title='bbox 3218 763 3472 819; x_wconf 75' lang='lat' dir='ltr'><strong>ltationi</strong></span> <span class='ocrx_word' id='word_1_351' title='bbox 3501 763 3658 818; x_wconf 85' lang='lat' dir='ltr'><strong>enim</strong></span> <span class='ocrx_word' id='word_1_352' title='bbox 3688 781 3813 820; x_wconf 88' lang='lat' dir='ltr'><strong>cou-</strong></span> 
     </span>
    </p>
   </div>
   <div class='ocr_carea' id='block_1_52' title="bbox 2171 851 3807 922">
    <p class='ocr_par' dir='ltr' id='par_1_52' title="bbox 2171 851 3807 922">
     <span class='ocr_line' id='line_1_52' title="bbox 2171 851 3807 922; baseline 0.001 -14"><span class='ocrx_word' id='word_1_353' title='bbox 2171 860 2522 910; x_wconf 90' lang='lat' dir='ltr'><strong>senlaneum</strong></span> <span class='ocrx_word' id='word_1_354' title='bbox 2553 870 2674 909; x_wconf 90' lang='lat' dir='ltr'><strong>non</strong></span> <span class='ocrx_word' id='word_1_355' title='bbox 2705 860 2927 912; x_wconf 87' lang='lat' dir='ltr'><strong>erat.ut</strong></span> <span class='ocrx_word' id='word_1_356' title='bbox 2957 853 2994 906; x_wconf 92' lang='lat' dir='ltr'><strong>ii</strong></span> <span class='ocrx_word' id='word_1_357' title='bbox 3027 859 3398 918; x_wconf 84' lang='lat' dir='ltr'><strong>curarentur,</strong></span> <span class='ocrx_word' id='word_1_358' title='bbox 3429 851 3541 922; x_wconf 87' lang='lat' dir='ltr'><strong>qui</strong></span> <span class='ocrx_word' id='word_1_359' title='bbox 3575 853 3807 910; x_wconf 86' lang='lat' dir='ltr'><strong>incredu-</strong></span> 
     </span>
    </p>
   </div>
   <div class='ocr_carea' id='block_1_53' title="bbox 2171 941 2997 998">
    <p class='ocr_par' dir='ltr' id='par_1_53' title="bbox 2171 941 2997 998">
     <span class='ocr_line' id='line_1_53' title="bbox 2171 941 2997 998; baseline -0.001 -2"><span class='ocrx_word' id='word_1_360' title='bbox 2171 941 2352 997; x_wconf 84' lang='lat' dir='ltr'><strong>litatis</strong></span> <span class='ocrx_word' id='word_1_361' title='bbox 2387 943 2590 998; x_wconf 90' lang='lat' dir='ltr'><strong>morbo</strong></span> <span class='ocrx_word' id='word_1_362' title='bbox 2623 943 2997 998; x_wconf 86' lang='lat' dir='ltr'><strong>laborabant.</strong></span> 
     </span>
    </p>
   </div>
   <div class='ocr_carea' id='block_1_54' title="bbox 2242 1030 3786 1103">
    <p class='ocr_par' dir='ltr' id='par_1_54' title="bbox 2242 1030 3786 1103">
     <span class='ocr_line' id='line_1_54' title="bbox 2242 1030 3786 1103; baseline 0.002 -17"><span class='ocrx_word' id='word_1_363' title='bbox 2242 1031 2456 1088; x_wconf 86' lang='lat' dir='ltr'><strong>Eadem</strong></span> <span class='ocrx_word' id='word_1_364' title='bbox 2484 1039 2574 1090; x_wconf 85' lang='lat' dir='ltr'><strong>est</strong></span> <span class='ocrx_word' id='word_1_365' title='bbox 2593 1031 2935 1103; x_wconf 85' lang='lat' dir='ltr'><strong>hujusmodi</strong></span> <span class='ocrx_word' id='word_1_366' title='bbox 2966 1047 3200 1102; x_wconf 92' lang='lat' dir='ltr'><strong>quoque</strong></span> <span class='ocrx_word' id='word_1_367' title='bbox 3223 1030 3336 1086; x_wconf 88' lang='lat' dir='ltr'><strong>loci</strong></span> <span class='ocrx_word' id='word_1_368' title='bbox 3363 1031 3536 1088; x_wconf 82' lang='lat' dir='ltr'><strong>ratio</strong></span> <span class='ocrx_word' id='word_1_369' title='bbox 3562 1033 3685 1088; x_wconf 76' lang='lat' dir='ltr'><strong>:.\&#39;on</strong></span> <span class='ocrx_word' id='word_1_370' title='bbox 3700 1051 3786 1103; x_wconf 82' lang='lat' dir='ltr'><strong>po-</strong></span> 
     </span>
    </p>
   </div>
   <div class='ocr_carea' id='block_1_55' title="bbox 2174 1120 3772 1192">
    <p class='ocr_par' dir='ltr' id='par_1_55' title="bbox 2174 1120 3772 1192">
     <span class='ocr_line' id='line_1_55' title="bbox 2174 1120 3772 1192; baseline 0 -16"><span class='ocrx_word' id='word_1_371' title='bbox 2174 1128 2274 1176; x_wconf 86' lang='lat' dir='ltr'><strong>test</strong></span> <span class='ocrx_word' id='word_1_372' title='bbox 2301 1123 2538 1177; x_wconf 82' lang='lat' dir='ltr'><strong>mundus</strong></span> <span class='ocrx_word' id='word_1_373' title='bbox 2566 1139 2675 1177; x_wconf 79' lang='lat' dir='ltr'><strong>non</strong></span> <span class='ocrx_word' id='word_1_374' title='bbox 2707 1122 2884 1177; x_wconf 71' lang='lat' dir='ltr'><strong>odisse</strong></span> <span class='ocrx_word' id='word_1_375' title='bbox 2912 1137 3002 1177; x_wconf 79' lang='lat' dir='ltr'><strong>vos</strong></span> <span class='ocrx_word' id='word_1_376' title='bbox 3027 1120 3072 1154; x_wconf 84' lang='lat'><strong>&#39;°</strong></span> <span class='ocrx_word' id='word_1_377' title='bbox 3091 1139 3114 1186; x_wconf 84' lang='lat'><em>;</em></span> <span class='ocrx_word' id='word_1_378' title='bbox 3143 1127 3203 1176; x_wconf 89' lang='lat' dir='ltr'><strong>et</strong></span> <span class='ocrx_word' id='word_1_379' title='bbox 3249 1121 3452 1192; x_wconf 85' lang='lat' dir='ltr'><strong>hujus</strong></span> <span class='ocrx_word' id='word_1_380' title='bbox 3487 1139 3502 1176; x_wconf 87' lang='lat'><strong>:</strong></span> <span class='ocrx_word' id='word_1_381' title='bbox 3561 1122 3772 1186; x_wconf 69' lang='lat' dir='ltr'><strong>Quomodo</strong></span> 
     </span>
    </p>
   </div>
   <div class='ocr_carea' id='block_1_56' title="bbox 2165 1209 3756 1282">
    <p class='ocr_par' dir='ltr' id='par_1_56' title="bbox 2165 1209 3756 1282">
     <span class='ocr_line' id='line_1_56' title="bbox 2165 1209 3756 1282; baseline 0 -16"><span class='ocrx_word' id='word_1_382' title='bbox 2165 1214 2398 1282; x_wconf 81' lang='lat' dir='ltr'><strong>potestis</strong></span> <span class='ocrx_word' id='word_1_383' title='bbox 2426 1213 2568 1266; x_wconf 82' lang='lat' dir='ltr'><strong>bona</strong></span> <span class='ocrx_word' id='word_1_384' title='bbox 2597 1211 2774 1282; x_wconf 84' lang='lat' dir='ltr'><strong>loqui,</strong></span> <span class='ocrx_word' id='word_1_385' title='bbox 2805 1227 2928 1266; x_wconf 88' lang='lat' dir='ltr'><strong>cum</strong></span> <span class='ocrx_word' id='word_1_386' title='bbox 2957 1212 3078 1279; x_wconf 78' lang='lat' dir='ltr'><strong>sitis</strong></span> <span class='ocrx_word' id='word_1_387' title='bbox 3102 1209 3238 1264; x_wconf 82' lang='lat' dir='ltr'><strong>mali</strong></span> <span class='ocrx_word' id='word_1_388' title='bbox 3263 1211 3326 1264; x_wconf 80' lang='lat'><strong>“.</strong></span> <span class='ocrx_word' id='word_1_389' title='bbox 3359 1210 3626 1274; x_wconf 85' lang='lat' dir='ltr'><strong>Quanam</strong></span> <span class='ocrx_word' id='word_1_390' title='bbox 3647 1211 3756 1266; x_wconf 81' lang='lat' dir='ltr'><strong>enim</strong></span> 
     </span>
    </p>
   </div>
   <div class='ocr_carea' id='block_1_57' title="bbox 2173 1299 3756 1372">
    <p class='ocr_par' dir='ltr' id='par_1_57' title="bbox 2173 1299 3756 1372">
     <span class='ocr_line' id='line_1_57' title="bbox 2173 1299 3756 1372; baseline 0 -17"><span class='ocrx_word' id='word_1_391' title='bbox 2173 1299 2292 1356; x_wconf 90' lang='lat' dir='ltr'><strong>alia</strong></span> <span class='ocrx_word' id='word_1_392' title='bbox 2321 1299 2392 1356; x_wconf 89' lang='lat' dir='ltr'><strong>de</strong></span> <span class='ocrx_word' id='word_1_393' title='bbox 2423 1317 2602 1356; x_wconf 90' lang='lat' dir='ltr'><strong>causa</strong></span> <span class='ocrx_word' id='word_1_394' title='bbox 2633 1301 2759 1356; x_wconf 64' lang='lat' dir='ltr'><strong>haec</strong></span> <span class='ocrx_word' id='word_1_395' title='bbox 2791 1299 2920 1355; x_wconf 85' lang='lat' dir='ltr'><strong>ﬁeri</strong></span> <span class='ocrx_word' id='word_1_396' title='bbox 2951 1306 3281 1372; x_wconf 87' lang='lat' dir='ltr'><strong>nequeunt,</strong></span> <span class='ocrx_word' id='word_1_397' title='bbox 3314 1299 3446 1355; x_wconf 87' lang='lat' dir='ltr'><strong>nisi</strong></span> <span class='ocrx_word' id='word_1_398' title='bbox 3480 1300 3756 1372; x_wconf 80' lang='lat' dir='ltr'><strong>quiavolua-</strong></span> 
     </span>
    </p>
   </div>
   <div class='ocr_carea' id='block_1_58' title="bbox 2175 1389 2500 1445">
    <p class='ocr_par' dir='ltr' id='par_1_58' title="bbox 2175 1389 2500 1445">
     <span class='ocr_line' id='line_1_58' title="bbox 2175 1389 2500 1445; baseline -0.003 0"><span class='ocrx_word' id='word_1_399' title='bbox 2175 1396 2267 1445; x_wconf 90' lang='lat' dir='ltr'><strong>tas</strong></span> <span class='ocrx_word' id='word_1_400' title='bbox 2297 1389 2500 1445; x_wconf 86' lang='lat' dir='ltr'><strong>desit?</strong></span> 
     </span>
    </p>
   </div>
   <div class='ocr_carea' id='block_1_59' title="bbox 2246 1479 3775 1552">
    <p class='ocr_par' dir='ltr' id='par_1_59' title="bbox 2246 1479 3775 1552">
     <span class='ocr_line' id='line_1_59' title="bbox 2246 1479 3775 1552; baseline -0.001 -18"><span class='ocrx_word' id='word_1_401' title='bbox 2246 1481 2345 1534; x_wconf 85' lang='lat' dir='ltr'><strong>Est</strong></span> <span class='ocrx_word' id='word_1_402' title='bbox 2377 1496 2552 1550; x_wconf 90' lang='lat' dir='ltr'><strong>porro</strong></span> <span class='ocrx_word' id='word_1_403' title='bbox 2581 1479 2924 1550; x_wconf 89' lang='lat' dir='ltr'><strong>hujusmodi</strong></span> <span class='ocrx_word' id='word_1_404' title='bbox 2969 1495 3208 1551; x_wconf 92' lang='lat' dir='ltr'><strong>quoquc</strong></span> <span class='ocrx_word' id='word_1_405' title='bbox 3266 1480 3574 1552; x_wconf 89' lang='lat' dir='ltr'><strong>quidpiam</strong></span> <span class='ocrx_word' id='word_1_406' title='bbox 3625 1481 3676 1535; x_wconf 92' lang='lat' dir='ltr'><strong>in</strong></span> <span class='ocrx_word' id='word_1_407' title='bbox 3722 1480 3775 1533; x_wconf 86' lang='lat' dir='ltr'><strong>iis</strong></span> 
     </span>
    </p>
   </div>
   <div class='ocr_carea' id='block_1_60' title="bbox 2175 1567 3772 1640">
    <p class='ocr_par' dir='ltr' id='par_1_60' title="bbox 2175 1567 3772 1640">
     <span class='ocr_line' id='line_1_60' title="bbox 2175 1567 3772 1640; baseline 0 -18"><span class='ocrx_word' id='word_1_408' title='bbox 2175 1585 2304 1638; x_wconf 63' lang='lat' dir='ltr'><strong>quae</strong></span> <span class='ocrx_word' id='word_1_409' title='bbox 2336 1567 2649 1624; x_wconf 85' lang='lat' dir='ltr'><strong>dicuntur:</strong></span> <span class='ocrx_word' id='word_1_410' title='bbox 2673 1567 2839 1634; x_wconf 89' lang='lat' dir='ltr'><strong>Quod</strong></span> <span class='ocrx_word' id='word_1_411' title='bbox 2868 1573 3084 1623; x_wconf 88' lang='lat' dir='ltr'><strong>natura</strong></span> <span class='ocrx_word' id='word_1_412' title='bbox 3113 1567 3352 1640; x_wconf 85' lang='lat' dir='ltr'><strong>quidem</strong></span> <span class='ocrx_word' id='word_1_413' title='bbox 3406 1569 3538 1624; x_wconf 82' lang='lat' dir='ltr'><strong>fieri</strong></span> <span class='ocrx_word' id='word_1_414' title='bbox 3589 1569 3772 1640; x_wconf 86' lang='lat' dir='ltr'><strong>nequit,</strong></span> 
     </span>
    </p>
   </div>
   <div class='ocr_carea' id='block_1_61' title="bbox 2177 1656 3774 1729">
    <p class='ocr_par' dir='ltr' id='par_1_61' title="bbox 2177 1656 3774 1729">
     <span class='ocr_line' id='line_1_61' title="bbox 2177 1656 3774 1729; baseline 0.001 -18"><span class='ocrx_word' id='word_1_415' title='bbox 2177 1657 2237 1711; x_wconf 88' lang='lat' dir='ltr'><strong>id</strong></span> <span class='ocrx_word' id='word_1_416' title='bbox 2269 1657 2394 1712; x_wconf 83' lang='lat' dir='ltr'><strong>ﬁeri</strong></span> <span class='ocrx_word' id='word_1_417' title='bbox 2427 1657 2564 1714; x_wconf 92' lang='lat' dir='ltr'><strong>hinc</strong></span> <span class='ocrx_word' id='word_1_418' title='bbox 2595 1656 2832 1714; x_wconf 88' lang='lat' dir='ltr'><strong>demum</strong></span> <span class='ocrx_word' id='word_1_419' title='bbox 2867 1663 3082 1729; x_wconf 86' lang='lat' dir='ltr'><strong>potest,</strong></span> <span class='ocrx_word' id='word_1_420' title='bbox 3114 1657 3163 1712; x_wconf 90' lang='lat' dir='ltr'><strong>si</strong></span> <span class='ocrx_word' id='word_1_421' title='bbox 3204 1659 3320 1714; x_wconf 90' lang='lat' dir='ltr'><strong>Deo</strong></span> <span class='ocrx_word' id='word_1_422' title='bbox 3368 1658 3683 1729; x_wconf 88' lang='lat' dir='ltr'><strong>placuerit:</strong></span> <span class='ocrx_word' id='word_1_423' title='bbox 3721 1663 3774 1712; x_wconf 87' lang='lat' dir='ltr'><strong>ut</strong></span> 
     </span>
    </p>
   </div>
   <div class='ocr_carea' id='block_1_62' title="bbox 2177 1749 3772 1821">
    <p class='ocr_par' dir='ltr' id='par_1_62' title="bbox 2177 1749 3772 1821">
     <span class='ocr_line' id='line_1_62' title="bbox 2177 1749 3772 1821; baseline 0.001 -18"><span class='ocrx_word' id='word_1_424' title='bbox 2177 1749 2453 1804; x_wconf 89' lang='lat' dir='ltr'><strong>eumdem</strong></span> <span class='ocrx_word' id='word_1_425' title='bbox 2485 1766 2603 1806; x_wconf 89' lang='lat' dir='ltr'><strong>non</strong></span> <span class='ocrx_word' id='word_1_426' title='bbox 2634 1767 2806 1821; x_wconf 87' lang='lat' dir='ltr'><strong>posse</strong></span> <span class='ocrx_word' id='word_1_427' title='bbox 2845 1749 2938 1804; x_wconf 90' lang='lat' dir='ltr'><strong>bis</strong></span> <span class='ocrx_word' id='word_1_428' title='bbox 2969 1766 3132 1805; x_wconf 77' lang='lat' dir='ltr'><strong>nasci</strong></span> <span class='ocrx_word' id='word_1_429' title='bbox 3157 1749 3221 1818; x_wconf 79' lang='grc'><strong>’⁷,</strong></span> <span class='ocrx_word' id='word_1_430' title='bbox 3251 1757 3308 1806; x_wconf 92' lang='lat' dir='ltr'><strong>et</strong></span> <span class='ocrx_word' id='word_1_431' title='bbox 3357 1751 3610 1806; x_wconf 79' lang='lat' dir='ltr'><strong>foramen</strong></span> <span class='ocrx_word' id='word_1_432' title='bbox 3659 1765 3772 1804; x_wconf 87' lang='lat' dir='ltr'><strong>acus</strong></span> 
     </span>
    </p>
   </div>
   <div class='ocr_carea' id='block_1_63' title="bbox 2179 1839 3770 1912">
    <p class='ocr_par' dir='ltr' id='par_1_63' title="bbox 2179 1839 3770 1912">
     <span class='ocr_line' id='line_1_63' title="bbox 2179 1839 3770 1912; baseline 0 -19"><span class='ocrx_word' id='word_1_433' title='bbox 2179 1840 2388 1894; x_wconf 88' lang='lat' dir='ltr'><strong>cameli</strong></span> <span class='ocrx_word' id='word_1_434' title='bbox 2423 1857 2609 1912; x_wconf 82' lang='lat' dir='ltr'><strong>capax</strong></span> <span class='ocrx_word' id='word_1_435' title='bbox 2639 1857 2757 1895; x_wconf 91' lang='lat' dir='ltr'><strong>non</strong></span> <span class='ocrx_word' id='word_1_436' title='bbox 2792 1855 2919 1894; x_wconf 78' lang='lat' dir='ltr'><strong>esse</strong></span> <span class='ocrx_word' id='word_1_437' title='bbox 2950 1839 3006 1893; x_wconf 78' lang='grc'><strong>1⁸.</strong></span> <span class='ocrx_word' id='word_1_438' title='bbox 3044 1841 3186 1895; x_wconf 86' lang='lat' dir='ltr'><strong>Nam</strong></span> <span class='ocrx_word' id='word_1_439' title='bbox 3226 1841 3370 1912; x_wconf 86' lang='lat' dir='ltr'><strong>quid</strong></span> <span class='ocrx_word' id='word_1_440' title='bbox 3427 1844 3602 1897; x_wconf 85' lang='lat' dir='ltr'><strong>obstet</strong></span> <span class='ocrx_word' id='word_1_441' title='bbox 3649 1856 3770 1910; x_wconf 50' lang='lat' dir='ltr'><strong>quo.</strong></span> 
     </span>
    </p>
   </div>
   <div class='ocr_carea' id='block_1_64' title="bbox 2175 1927 3770 1986">
    <p class='ocr_par' dir='ltr' id='par_1_64' title="bbox 2175 1927 3770 1986">
     <span class='ocr_line' id='line_1_64' title="bbox 2175 1927 3770 1986; baseline 0 -4"><span class='ocrx_word' id='word_1_442' title='bbox 2175 1929 2376 1983; x_wconf 89' lang='lat' dir='ltr'><strong>minus</strong></span> <span class='ocrx_word' id='word_1_443' title='bbox 2409 1929 2534 1984; x_wconf 68' lang='lat' dir='ltr'><strong>haec</strong></span> <span class='ocrx_word' id='word_1_444' title='bbox 2565 1929 2729 1986; x_wconf 82' lang='lat' dir='ltr'><strong>fiant.</strong></span> <span class='ocrx_word' id='word_1_445' title='bbox 2771 1929 2817 1984; x_wconf 91' lang='lat' dir='ltr'><strong>si</strong></span> <span class='ocrx_word' id='word_1_446' title='bbox 2855 1929 3004 1984; x_wconf 90' lang='lat' dir='ltr'><strong>Deus</strong></span> <span class='ocrx_word' id='word_1_447' title='bbox 3024 1927 3158 1983; x_wconf 73' lang='lat' dir='ltr'><strong>velit</strong></span> <span class='ocrx_word' id='word_1_448' title='bbox 3179 1929 3206 1984; x_wconf 64' lang='grc' dir='ltr'><strong>Τ</strong></span> <span class='ocrx_word' id='word_1_449' title='bbox 3238 1931 3654 1985; x_wconf 70' lang='lat' dir='ltr'><strong>Prasteromnes</strong></span> <span class='ocrx_word' id='word_1_450' title='bbox 3679 1929 3770 1983; x_wconf 86' lang='lat' dir='ltr'><strong>hos</strong></span> 
     </span>
    </p>
   </div>
   <div class='ocr_carea' id='block_1_65' title="bbox 2175 2017 3767 2089">
    <p class='ocr_par' dir='ltr' id='par_1_65' title="bbox 2175 2017 3767 2089">
     <span class='ocr_line' id='line_1_65' title="bbox 2175 2017 3767 2089; baseline -0.001 -17"><span class='ocrx_word' id='word_1_451' title='bbox 2175 2017 2386 2072; x_wconf 87' lang='lat' dir='ltr'><strong>modos</strong></span> <span class='ocrx_word' id='word_1_452' title='bbox 2405 2024 2496 2074; x_wconf 81' lang='lat' dir='ltr'><strong>est</strong></span> <span class='ocrx_word' id='word_1_453' title='bbox 2524 2017 2684 2088; x_wconf 90' lang='lat' dir='ltr'><strong>quod</strong></span> <span class='ocrx_word' id='word_1_454' title='bbox 2717 2017 2843 2072; x_wconf 80' lang='lat' dir='ltr'><strong>fieri</strong></span> <span class='ocrx_word' id='word_1_455' title='bbox 2877 2017 3042 2072; x_wconf 92' lang='lat' dir='ltr'><strong>nullo</strong></span> <span class='ocrx_word' id='word_1_456' title='bbox 3093 2034 3328 2089; x_wconf 90' lang='lat' dir='ltr'><strong>prorsus</strong></span> <span class='ocrx_word' id='word_1_457' title='bbox 3385 2019 3545 2074; x_wconf 87' lang='lat' dir='ltr'><strong>modo</strong></span> <span class='ocrx_word' id='word_1_458' title='bbox 3595 2022 3767 2089; x_wconf 86' lang='lat' dir='ltr'><strong>queat,</strong></span> 
     </span>
    </p>
   </div>
   <div class='ocr_carea' id='block_1_66' title="bbox 2175 2105 3762 2178">
    <p class='ocr_par' dir='ltr' id='par_1_66' title="bbox 2175 2105 3762 2178">
     <span class='ocr_line' id='line_1_66' title="bbox 2175 2105 3762 2178; baseline -0.001 -17"><span class='ocrx_word' id='word_1_459' title='bbox 2175 2122 2286 2161; x_wconf 90' lang='lat' dir='ltr'><strong>nec</strong></span> <span class='ocrx_word' id='word_1_460' title='bbox 2335 2105 2455 2161; x_wconf 89' lang='lat' dir='ltr'><strong>ulla</strong></span> <span class='ocrx_word' id='word_1_461' title='bbox 2505 2105 2768 2161; x_wconf 87' lang='lat' dir='ltr'><strong>admittit</strong></span> <span class='ocrx_word' id='word_1_462' title='bbox 2814 2106 2987 2173; x_wconf 86' lang='lat' dir='ltr'><strong>ratio,</strong></span> <span class='ocrx_word' id='word_1_463' title='bbox 3034 2113 3102 2161; x_wconf 86' lang='lat' dir='ltr'><strong>ut</strong></span> <span class='ocrx_word' id='word_1_464' title='bbox 3153 2123 3220 2162; x_wconf 91' lang='lat' dir='ltr'><strong>eo</strong></span> <span class='ocrx_word' id='word_1_465' title='bbox 3269 2107 3431 2164; x_wconf 91' lang='lat' dir='ltr'><strong>modo</strong></span> <span class='ocrx_word' id='word_1_466' title='bbox 3467 2109 3574 2174; x_wconf 81' lang='lat' dir='ltr'><strong>ﬁat,</strong></span> <span class='ocrx_word' id='word_1_467' title='bbox 3607 2120 3762 2178; x_wconf 90' lang='lat' dir='ltr'><strong>quem</strong></span> 
     </span>
    </p>
   </div>
   <div class='ocr_carea' id='block_1_67' title="bbox 2176 2193 3755 2266">
    <p class='ocr_par' dir='ltr' id='par_1_67' title="bbox 2176 2193 3755 2266">
     <span class='ocr_line' id='line_1_67' title="bbox 2176 2193 3755 2266; baseline -0.003 -16"><span class='ocrx_word' id='word_1_468' title='bbox 2176 2211 2335 2250; x_wconf 88' lang='lat' dir='ltr'><strong>nunc</strong></span> <span class='ocrx_word' id='word_1_469' title='bbox 2365 2196 2707 2266; x_wconf 72' lang='lat' dir='ltr'><strong>qumrimus.</strong></span> <span class='ocrx_word' id='word_1_470' title='bbox 2755 2193 3249 2260; x_wconf 85' lang='lat' dir='ltr'><strong>Quemadmodum</strong></span> <span class='ocrx_word' id='word_1_471' title='bbox 3287 2195 3432 2248; x_wconf 88' lang='lat' dir='ltr'><strong>enim</strong></span> <span class='ocrx_word' id='word_1_472' title='bbox 3479 2195 3600 2249; x_wconf 73' lang='lat' dir='ltr'><strong>fieri</strong></span> <span class='ocrx_word' id='word_1_473' title='bbox 3648 2209 3755 2247; x_wconf 89' lang='lat' dir='ltr'><strong>non</strong></span> 
     </span>
    </p>
   </div>
   <div class='ocr_carea' id='block_1_68' title="bbox 2177 2281 3741 2355">
    <p class='ocr_par' dir='ltr' id='par_1_68' title="bbox 2177 2281 3741 2355">
     <span class='ocr_line' id='line_1_68' title="bbox 2177 2281 3741 2355; baseline -0.004 -17"><span class='ocrx_word' id='word_1_474' title='bbox 2177 2299 2349 2355; x_wconf 89' lang='lat' dir='ltr'><strong>posse</strong></span> <span class='ocrx_word' id='word_1_475' title='bbox 2381 2283 2654 2350; x_wconf 88' lang='lat' dir='ltr'><strong>dicimus,</strong></span> <span class='ocrx_word' id='word_1_476' title='bbox 2689 2290 2753 2338; x_wconf 91' lang='lat' dir='ltr'><strong>ut</strong></span> <span class='ocrx_word' id='word_1_477' title='bbox 2784 2283 2980 2338; x_wconf 90' lang='lat' dir='ltr'><strong>malus</strong></span> <span class='ocrx_word' id='word_1_478' title='bbox 3012 2283 3088 2338; x_wconf 91' lang='lat' dir='ltr'><strong>sit</strong></span> <span class='ocrx_word' id='word_1_479' title='bbox 3109 2285 3258 2349; x_wconf 89' lang='lat' dir='ltr'><strong>Deus,</strong></span> <span class='ocrx_word' id='word_1_480' title='bbox 3286 2288 3377 2338; x_wconf 83' lang='lat' dir='ltr'><strong>aut</strong></span> <span class='ocrx_word' id='word_1_481' title='bbox 3401 2298 3506 2336; x_wconf 91' lang='lat' dir='ltr'><strong>non</strong></span> <span class='ocrx_word' id='word_1_482' title='bbox 3533 2281 3602 2334; x_wconf 89' lang='lat' dir='ltr'><strong>sit</strong></span> <span class='ocrx_word' id='word_1_483' title='bbox 3627 2295 3741 2332; x_wconf 89' lang='lat' dir='ltr'><strong>om-</strong></span> 
     </span>
    </p>
   </div>
   <div class='ocr_carea' id='block_1_69' title="bbox 2177 2371 3746 2444">
    <p class='ocr_par' dir='ltr' id='par_1_69' title="bbox 2177 2371 3746 2444">
     <span class='ocr_line' id='line_1_69' title="bbox 2177 2371 3746 2444; baseline -0.004 -16"><span class='ocrx_word' id='word_1_484' title='bbox 2177 2373 2319 2429; x_wconf 90' lang='lat' dir='ltr'><strong>nino</strong></span> <span class='ocrx_word' id='word_1_485' title='bbox 2351 2374 2486 2439; x_wconf 86' lang='lat' dir='ltr'><strong>(hoc</strong></span> <span class='ocrx_word' id='word_1_486' title='bbox 2514 2373 2673 2428; x_wconf 90' lang='lat' dir='ltr'><strong>enim</strong></span> <span class='ocrx_word' id='word_1_487' title='bbox 2725 2371 2800 2426; x_wconf 90' lang='lat' dir='ltr'><strong>ad</strong></span> <span class='ocrx_word' id='word_1_488' title='bbox 2832 2372 3236 2444; x_wconf 87' lang='lat' dir='ltr'><strong>impotentiam</strong></span> <span class='ocrx_word' id='word_1_489' title='bbox 3264 2371 3441 2442; x_wconf 81' lang='lat' dir='ltr'><strong>potius</strong></span> <span class='ocrx_word' id='word_1_490' title='bbox 3466 2385 3624 2440; x_wconf 83' lang='lat' dir='ltr'><strong>quam</strong></span> <span class='ocrx_word' id='word_1_491' title='bbox 3650 2385 3746 2438; x_wconf 86' lang='lat' dir='ltr'><strong>po-</strong></span> 
     </span>
    </p>
   </div>
   <div class='ocr_carea' id='block_1_70' title="bbox 2178 2460 3758 2534">
    <p class='ocr_par' dir='ltr' id='par_1_70' title="bbox 2178 2460 3758 2534">
     <span class='ocr_line' id='line_1_70' title="bbox 2178 2460 3758 2534; baseline -0.004 -19"><span class='ocrx_word' id='word_1_492' title='bbox 2178 2464 2418 2518; x_wconf 83' lang='lat' dir='ltr'><strong>tentiam</strong></span> <span class='ocrx_word' id='word_1_493' title='bbox 2453 2462 2556 2518; x_wconf 91' lang='lat' dir='ltr'><strong>Dei</strong></span> <span class='ocrx_word' id='word_1_494' title='bbox 2588 2461 2902 2530; x_wconf 79' lang='lat' dir='ltr'><strong>referatur,</strong></span> <span class='ocrx_word' id='word_1_495' title='bbox 2936 2479 3114 2534; x_wconf 88' lang='lat' dir='ltr'><strong>quam</strong></span> <span class='ocrx_word' id='word_1_496' title='bbox 3148 2463 3193 2518; x_wconf 89' lang='lat' dir='ltr'><strong>si</strong></span> <span class='ocrx_word' id='word_1_497' title='bbox 3225 2460 3379 2532; x_wconf 87' lang='lat' dir='ltr'><strong>quod</strong></span> <span class='ocrx_word' id='word_1_498' title='bbox 3406 2475 3509 2514; x_wconf 88' lang='lat' dir='ltr'><strong>non</strong></span> <span class='ocrx_word' id='word_1_499' title='bbox 3537 2464 3616 2513; x_wconf 84' lang='lat' dir='ltr'><strong>est</strong></span> <span class='ocrx_word' id='word_1_500' title='bbox 3646 2471 3758 2511; x_wconf 87' lang='lat' dir='ltr'><strong>esse</strong></span> 
     </span>
    </p>
   </div>
   <div class='ocr_carea' id='block_1_71' title="bbox 2176 2545 3762 2622">
    <p class='ocr_par' dir='ltr' id='par_1_71' title="bbox 2176 2545 3762 2622">
     <span class='ocr_line' id='line_1_71' title="bbox 2176 2545 3762 2622; baseline -0.004 -15"><span class='ocrx_word' id='word_1_501' title='bbox 2176 2551 2426 2607; x_wconf 88' lang='lat' dir='ltr'><strong>dicatur.</strong></span> <span class='ocrx_word' id='word_1_502' title='bbox 2459 2558 2562 2607; x_wconf 89' lang='lat' dir='ltr'><strong>aut</strong></span> <span class='ocrx_word' id='word_1_503' title='bbox 2592 2551 2682 2605; x_wconf 91' lang='lat' dir='ltr'><strong>bis</strong></span> <span class='ocrx_word' id='word_1_504' title='bbox 2713 2551 2828 2606; x_wconf 87' lang='lat' dir='ltr'><strong>duo</strong></span> <span class='ocrx_word' id='word_1_505' title='bbox 2861 2559 2921 2606; x_wconf 87' lang='lat' dir='ltr'><strong>et</strong></span> <span class='ocrx_word' id='word_1_506' title='bbox 2949 2559 3204 2622; x_wconf 85' lang='lat' dir='ltr'><strong>quatuor</strong></span> <span class='ocrx_word' id='word_1_507' title='bbox 3231 2559 3288 2606; x_wconf 87' lang='lat' dir='ltr'><strong>et</strong></span> <span class='ocrx_word' id='word_1_508' title='bbox 3330 2551 3514 2604; x_wconf 88' lang='lat' dir='ltr'><strong>decem</strong></span> <span class='ocrx_word' id='word_1_509' title='bbox 3535 2563 3647 2603; x_wconf 84' lang='lat' dir='ltr'><strong>esse</strong></span> <span class='ocrx_word' id='word_1_510' title='bbox 3692 2545 3762 2602; x_wconf 82' lang='lat' dir='ltr'><strong>af-</strong></span> 
     </span>
    </p>
   </div>
   <div class='ocr_carea' id='block_1_72' title="bbox 2178 2635 3765 2711">
    <p class='ocr_par' dir='ltr' id='par_1_72' title="bbox 2178 2635 3765 2711">
     <span class='ocr_line' id='line_1_72' title="bbox 2178 2635 3765 2711; baseline -0.004 -17"><span class='ocrx_word' id='word_1_511' title='bbox 2178 2640 2510 2702; x_wconf 82' lang='lat' dir='ltr'><strong>tirmentur)</strong></span> <span class='ocrx_word' id='word_1_512' title='bbox 2542 2656 2555 2693; x_wconf 89' lang='lat'><strong>:</strong></span> <span class='ocrx_word' id='word_1_513' title='bbox 2593 2639 2671 2694; x_wconf 90' lang='lat' dir='ltr'><strong>ita</strong></span> <span class='ocrx_word' id='word_1_514' title='bbox 2702 2639 3066 2711; x_wconf 80' lang='lat' dir='ltr'><strong>impossibile</strong></span> <span class='ocrx_word' id='word_1_515' title='bbox 3096 2655 3336 2711; x_wconf 86' lang='lat' dir='ltr'><strong>prorsus</strong></span> <span class='ocrx_word' id='word_1_516' title='bbox 3366 2643 3462 2696; x_wconf 80' lang='lat' dir='ltr'><strong>est.</strong></span> <span class='ocrx_word' id='word_1_517' title='bbox 3493 2653 3591 2691; x_wconf 88' lang='lat' dir='ltr'><strong>nec</strong></span> <span class='ocrx_word' id='word_1_518' title='bbox 3638 2635 3765 2689; x_wconf 85' lang='lat' dir='ltr'><strong>ratio</strong></span> 
     </span>
    </p>
   </div>
   <div class='ocr_carea' id='block_1_73' title="bbox 2177 2727 3768 2799">
    <p class='ocr_par' dir='ltr' id='par_1_73' title="bbox 2177 2727 3768 2799">
     <span class='ocr_line' id='line_1_73' title="bbox 2177 2727 3768 2799; baseline -0.002 -16"><span class='ocrx_word' id='word_1_519' title='bbox 2177 2729 2236 2783; x_wconf 93' lang='lat' dir='ltr'><strong>id</strong></span> <span class='ocrx_word' id='word_1_520' title='bbox 2267 2729 2390 2784; x_wconf 85' lang='lat' dir='ltr'><strong>ulla</strong></span> <span class='ocrx_word' id='word_1_521' title='bbox 2419 2729 2698 2793; x_wconf 88' lang='lat' dir='ltr'><strong>admittit,</strong></span> <span class='ocrx_word' id='word_1_522' title='bbox 2732 2736 2798 2786; x_wconf 92' lang='lat' dir='ltr'><strong>ut</strong></span> <span class='ocrx_word' id='word_1_523' title='bbox 2826 2729 3010 2785; x_wconf 87' lang='lat' dir='ltr'><strong>Filius</strong></span> <span class='ocrx_word' id='word_1_524' title='bbox 3060 2745 3265 2783; x_wconf 89' lang='lat' dir='ltr'><strong>eorum</strong></span> <span class='ocrx_word' id='word_1_525' title='bbox 3321 2727 3602 2799; x_wconf 79' lang='lat' dir='ltr'><strong>quidpiam</strong></span> <span class='ocrx_word' id='word_1_526' title='bbox 3641 2729 3768 2793; x_wconf 73' lang='lat' dir='ltr'><strong>agat.</strong></span> 
     </span>
    </p>
   </div>
   <div class='ocr_carea' id='block_1_74' title="bbox 2178 2812 3774 2891">
    <p class='ocr_par' dir='ltr' id='par_1_74' title="bbox 2178 2812 3774 2891">
     <span class='ocr_line' id='line_1_74' title="bbox 2178 2812 3774 2891; baseline -0.004 -19"><span class='ocrx_word' id='word_1_527' title='bbox 2178 2835 2310 2890; x_wconf 70' lang='lat' dir='ltr'><strong>quas</strong></span> <span class='ocrx_word' id='word_1_528' title='bbox 2345 2821 2516 2874; x_wconf 81' lang='lat' dir='ltr'><strong>Pater</strong></span> <span class='ocrx_word' id='word_1_529' title='bbox 2536 2835 2655 2874; x_wconf 87' lang='lat' dir='ltr'><strong>non</strong></span> <span class='ocrx_word' id='word_1_530' title='bbox 2687 2818 3038 2891; x_wconf 75' lang='lat' dir='ltr'><strong>agil.0mnia</strong></span> <span class='ocrx_word' id='word_1_531' title='bbox 3063 2817 3222 2873; x_wconf 90' lang='lat' dir='ltr'><strong>enim</strong></span> <span class='ocrx_word' id='word_1_532' title='bbox 3255 2831 3600 2887; x_wconf 81' lang='lat' dir='ltr'><strong>qua-cunque</strong></span> <span class='ocrx_word' id='word_1_533' title='bbox 3626 2812 3774 2868; x_wconf 83' lang='lat' dir='ltr'><strong>habet</strong></span> 
     </span>
    </p>
   </div>
   <div class='ocr_carea' id='block_1_75' title="bbox 2178 2902 3779 2976">
    <p class='ocr_par' dir='ltr' id='par_1_75' title="bbox 2178 2902 3779 2976">
     <span class='ocr_line' id='line_1_75' title="bbox 2178 2902 3779 2976; baseline -0.006 -14"><span class='ocrx_word' id='word_1_534' title='bbox 2178 2909 2370 2965; x_wconf 86' lang='lat' dir='ltr'><strong>Pater.</strong></span> <span class='ocrx_word' id='word_1_535' title='bbox 2395 2905 2526 2961; x_wconf 87' lang='lat' dir='ltr'><strong>Filii</strong></span> <span class='ocrx_word' id='word_1_536' title='bbox 2549 2913 2691 2961; x_wconf 90' lang='lat' dir='ltr'><strong>sunt</strong></span> <span class='ocrx_word' id='word_1_537' title='bbox 2743 2912 2806 2960; x_wconf 89' lang='lat' dir='ltr'><strong>ut</strong></span> <span class='ocrx_word' id='word_1_538' title='bbox 2827 2906 2948 2962; x_wconf 85' lang='lat' dir='ltr'><strong>vice</strong></span> <span class='ocrx_word' id='word_1_539' title='bbox 3002 2922 3170 2961; x_wconf 83' lang='lat' dir='ltr'><strong>versa</strong></span> <span class='ocrx_word' id='word_1_540' title='bbox 3192 2921 3324 2976; x_wconf 68' lang='lat' dir='ltr'><strong>quas</strong></span> <span class='ocrx_word' id='word_1_541' title='bbox 3348 2909 3479 2960; x_wconf 87' lang='lat' dir='ltr'><strong>sunt</strong></span> <span class='ocrx_word' id='word_1_542' title='bbox 3495 2902 3635 2969; x_wconf 83' lang='lat' dir='ltr'><strong>Filii,</strong></span> <span class='ocrx_word' id='word_1_543' title='bbox 3663 2904 3779 2955; x_wconf 87' lang='lat' dir='ltr'><strong>sunt</strong></span> 
     </span>
    </p>
   </div>
   <div class='ocr_carea' id='block_1_76' title="bbox 2179 2990 3778 3066">
    <p class='ocr_par' dir='ltr' id='par_1_76' title="bbox 2179 2990 3778 3066">
     <span class='ocr_line' id='line_1_76' title="bbox 2179 2990 3778 3066; baseline -0.005 -16"><span class='ocrx_word' id='word_1_544' title='bbox 2179 3001 2237 3051; x_wconf 88' lang='lat' dir='ltr'><strong>et</strong></span> <span class='ocrx_word' id='word_1_545' title='bbox 2260 2993 2446 3050; x_wconf 88' lang='lat' dir='ltr'><strong>Patris</strong></span> <span class='ocrx_word' id='word_1_546' title='bbox 2468 2993 2603 3050; x_wconf 81' lang='grc'><strong>¹⁹-²⁰.</strong></span> <span class='ocrx_word' id='word_1_547' title='bbox 2635 2993 2792 3050; x_wconf 88' lang='lat' dir='ltr'><strong>Nihil</strong></span> <span class='ocrx_word' id='word_1_548' title='bbox 2823 3009 2960 3066; x_wconf 89' lang='lat' dir='ltr'><strong>ergo</strong></span> <span class='ocrx_word' id='word_1_549' title='bbox 2995 2995 3289 3065; x_wconf 88' lang='lat' dir='ltr'><strong>privatum</strong></span> <span class='ocrx_word' id='word_1_550' title='bbox 3315 3000 3405 3048; x_wconf 90' lang='lat' dir='ltr'><strong>est</strong></span> <span class='ocrx_word' id='word_1_551' title='bbox 3425 3000 3478 3048; x_wconf 90' lang='lat' dir='ltr'><strong>et</strong></span> <span class='ocrx_word' id='word_1_552' title='bbox 3506 2990 3778 3064; x_wconf 82' lang='lat' dir='ltr'><strong>peculiare,</strong></span> 
     </span>
    </p>
   </div>
   <div class='ocr_carea' id='block_1_77' title="bbox 2183 3076 3776 3154">
    <p class='ocr_par' dir='ltr' id='par_1_77' title="bbox 2183 3076 3776 3154">
     <span class='ocr_line' id='line_1_77' title="bbox 2183 3076 3776 3154; baseline -0.005 -16"><span class='ocrx_word' id='word_1_553' title='bbox 2183 3082 2464 3154; x_wconf 90' lang='lat' dir='ltr'><strong>quoniam</strong></span> <span class='ocrx_word' id='word_1_554' title='bbox 2517 3081 2858 3139; x_wconf 90' lang='lat' dir='ltr'><strong>communia</strong></span> <span class='ocrx_word' id='word_1_555' title='bbox 2894 3088 3032 3136; x_wconf 90' lang='lat' dir='ltr'><strong>sunt</strong></span> <span class='ocrx_word' id='word_1_556' title='bbox 3084 3083 3168 3136; x_wconf 70' lang='lat' dir='ltr'><strong>eis</strong></span> <span class='ocrx_word' id='word_1_557' title='bbox 3231 3081 3451 3136; x_wconf 88' lang='lat' dir='ltr'><strong>omnia.</strong></span> <span class='ocrx_word' id='word_1_558' title='bbox 3521 3076 3776 3150; x_wconf 83' lang='lat' dir='ltr'><strong>Siquidem</strong></span> 
     </span>
    </p>
   </div>
   <div class='ocr_carea' id='block_1_78' title="bbox 2185 3169 3771 3242">
    <p class='ocr_par' dir='ltr' id='par_1_78' title="bbox 2185 3169 3771 3242">
     <span class='ocr_line' id='line_1_78' title="bbox 2185 3169 3771 3242; baseline -0.005 -16"><span class='ocrx_word' id='word_1_559' title='bbox 2185 3172 2313 3242; x_wconf 88' lang='lat' dir='ltr'><strong>ipsa</strong></span> <span class='ocrx_word' id='word_1_560' title='bbox 2345 3173 2520 3228; x_wconf 87' lang='lat' dir='ltr'><strong>etiam</strong></span> <span class='ocrx_word' id='word_1_561' title='bbox 2551 3173 2806 3228; x_wconf 83' lang='lat' dir='ltr'><strong>essentia</strong></span> <span class='ocrx_word' id='word_1_562' title='bbox 2840 3172 3172 3227; x_wconf 85' lang='lat' dir='ltr'><strong>communis</strong></span> <span class='ocrx_word' id='word_1_563' title='bbox 3223 3177 3282 3226; x_wconf 90' lang='lat' dir='ltr'><strong>et</strong></span> <span class='ocrx_word' id='word_1_564' title='bbox 3330 3169 3568 3242; x_wconf 68' lang='lat' dir='ltr'><strong>aequalis</strong></span> <span class='ocrx_word' id='word_1_565' title='bbox 3593 3169 3665 3224; x_wconf 86' lang='lat' dir='ltr'><strong>eis</strong></span> <span class='ocrx_word' id='word_1_566' title='bbox 3689 3173 3771 3232; x_wconf 87' lang='lat' dir='ltr'><strong>est,</strong></span> 
     </span>
    </p>
   </div>
   <div class='ocr_carea' id='block_1_79' title="bbox 2187 3253 3768 3333">
    <p class='ocr_par' dir='ltr' id='par_1_79' title="bbox 2187 3253 3768 3333">
     <span class='ocr_line' id='line_1_79' title="bbox 2187 3253 3768 3333; baseline -0.006 -17"><span class='ocrx_word' id='word_1_567' title='bbox 2187 3277 2530 3333; x_wconf 90' lang='lat' dir='ltr'><strong>quanquam</strong></span> <span class='ocrx_word' id='word_1_568' title='bbox 2579 3262 2762 3317; x_wconf 86' lang='lat' dir='ltr'><strong>Filius</strong></span> <span class='ocrx_word' id='word_1_569' title='bbox 2807 3260 2866 3317; x_wconf 89' lang='lat' dir='ltr'><strong>id</strong></span> <span class='ocrx_word' id='word_1_570' title='bbox 2918 3278 2953 3317; x_wconf 89' lang='lat' dir='ltr'><strong>a</strong></span> <span class='ocrx_word' id='word_1_571' title='bbox 2997 3263 3164 3316; x_wconf 83' lang='lat' dir='ltr'><strong>Patre</strong></span> <span class='ocrx_word' id='word_1_572' title='bbox 3209 3260 3452 3317; x_wconf 87' lang='lat' dir='ltr'><strong>habeat.</strong></span> <span class='ocrx_word' id='word_1_573' title='bbox 3498 3258 3634 3315; x_wconf 85' lang='lat' dir='ltr'><strong>Unde</strong></span> <span class='ocrx_word' id='word_1_574' title='bbox 3656 3253 3768 3309; x_wconf 79' lang='lat' dir='ltr'><strong>illud</strong></span> 
     </span>
    </p>
   </div>
   <div class='ocr_carea' id='block_1_80' title="bbox 2188 3346 3770 3424">
    <p class='ocr_par' dir='ltr' id='par_1_80' title="bbox 2188 3346 3770 3424">
     <span class='ocr_line' id='line_1_80' title="bbox 2188 3346 3770 3424; baseline -0.006 -17"><span class='ocrx_word' id='word_1_575' title='bbox 2188 3368 2422 3424; x_wconf 86' lang='lat' dir='ltr'><strong>quoque</strong></span> <span class='ocrx_word' id='word_1_576' title='bbox 2456 3351 2707 3418; x_wconf 91' lang='lat' dir='ltr'><strong>dicitur;</strong></span> <span class='ocrx_word' id='word_1_577' title='bbox 2756 3352 2862 3420; x_wconf 83' lang='lat' dir='ltr'><strong>Ego</strong></span> <span class='ocrx_word' id='word_1_578' title='bbox 2905 3351 3030 3406; x_wconf 78' lang='lat' dir='ltr'><strong>viro</strong></span> <span class='ocrx_word' id='word_1_579' title='bbox 3084 3356 3314 3421; x_wconf 83' lang='lat' dir='ltr'><strong>propter</strong></span> <span class='ocrx_word' id='word_1_580' title='bbox 3361 3352 3566 3405; x_wconf 81' lang='lat' dir='ltr'><strong>Patrem</strong></span> <span class='ocrx_word' id='word_1_581' title='bbox 3595 3346 3770 3410; x_wconf 72' lang='lat' dir='ltr'><strong>&quot;,non</strong></span> 
     </span>
    </p>
   </div>
   <div class='ocr_carea' id='block_1_81' title="bbox 2187 3431 3778 3513">
    <p class='ocr_par' dir='ltr' id='par_1_81' title="bbox 2187 3431 3778 3513">
     <span class='ocr_line' id='line_1_81' title="bbox 2187 3431 3778 3513; baseline -0.007 -17"><span class='ocrx_word' id='word_1_582' title='bbox 2187 3442 2345 3513; x_wconf 85' lang='lat' dir='ltr'><strong>quod</strong></span> <span class='ocrx_word' id='word_1_583' title='bbox 2379 3440 2516 3496; x_wconf 90' lang='lat' dir='ltr'><strong>inde</strong></span> <span class='ocrx_word' id='word_1_584' title='bbox 2548 3440 2738 3496; x_wconf 87' lang='lat' dir='ltr'><strong>sitilli</strong></span> <span class='ocrx_word' id='word_1_585' title='bbox 2780 3441 2908 3495; x_wconf 64' lang='lat' dir='ltr'><strong>vitae</strong></span> <span class='ocrx_word' id='word_1_586' title='bbox 2959 3446 3018 3495; x_wconf 88' lang='lat' dir='ltr'><strong>et</strong></span> <span class='ocrx_word' id='word_1_587' title='bbox 3065 3439 3340 3494; x_wconf 60' lang='lat' dir='ltr'><strong>essentia</strong></span> <span class='ocrx_word' id='word_1_588' title='bbox 3401 3439 3573 3511; x_wconf 80' lang='lat' dir='ltr'><strong>origo,</strong></span> <span class='ocrx_word' id='word_1_589' title='bbox 3622 3431 3778 3505; x_wconf 86' lang='lat' dir='ltr'><strong>qualis</strong></span> 
     </span>
    </p>
   </div>
   <div class='ocr_carea' id='block_1_82' title="bbox 2187 3522 3782 3599">
    <p class='ocr_par' dir='ltr' id='par_1_82' title="bbox 2187 3522 3782 3599">
     <span class='ocr_line' id='line_1_82' title="bbox 2187 3522 3782 3599; baseline -0.006 -13"><span class='ocrx_word' id='word_1_590' title='bbox 2187 3531 2497 3586; x_wconf 74' lang='lat' dir='ltr'><strong>hominum</strong></span> <span class='ocrx_word' id='word_1_591' title='bbox 2531 3546 2661 3585; x_wconf 90' lang='lat' dir='ltr'><strong>esse</strong></span> <span class='ocrx_word' id='word_1_592' title='bbox 2693 3529 2888 3586; x_wconf 87' lang='lat' dir='ltr'><strong>solet:</strong></span> <span class='ocrx_word' id='word_1_593' title='bbox 2924 3527 3026 3584; x_wconf 88' lang='lat' dir='ltr'><strong>sed</strong></span> <span class='ocrx_word' id='word_1_594' title='bbox 3074 3529 3215 3599; x_wconf 86' lang='lat' dir='ltr'><strong>quia</strong></span> <span class='ocrx_word' id='word_1_595' title='bbox 3261 3527 3407 3584; x_wconf 85' lang='lat' dir='ltr'><strong>inde</strong></span> <span class='ocrx_word' id='word_1_596' title='bbox 3454 3529 3585 3583; x_wconf 87' lang='lat' dir='ltr'><strong>citra</strong></span> <span class='ocrx_word' id='word_1_597' title='bbox 3627 3522 3782 3579; x_wconf 87' lang='lat' dir='ltr'><strong>ullum</strong></span> 
     </span>
    </p>
   </div>
   <div class='ocr_carea' id='block_1_83' title="bbox 2186 3617 3106 3693">
    <p class='ocr_par' dir='ltr' id='par_1_83' title="bbox 2186 3617 3106 3693">
     <span class='ocr_line' id='line_1_83' title="bbox 2186 3617 3106 3693; baseline -0.001 -19"><span class='ocrx_word' id='word_1_598' title='bbox 2186 3625 2422 3693; x_wconf 84' lang='lat' dir='ltr'><strong>tempus</strong></span> <span class='ocrx_word' id='word_1_599' title='bbox 2444 3626 2502 3675; x_wconf 89' lang='lat' dir='ltr'><strong>et</strong></span> <span class='ocrx_word' id='word_1_600' title='bbox 2532 3635 2774 3676; x_wconf 87' lang='lat' dir='ltr'><strong>causam</strong></span> <span class='ocrx_word' id='word_1_601' title='bbox 2805 3617 3106 3673; x_wconf 72' lang='lat' dir='ltr'><strong>subsistat.</strong></span> 
     </span>
    </p>
   </div>
   <div class='ocr_carea' id='block_1_84' title="bbox 2257 3701 3781 3780">
    <p class='ocr_par' dir='ltr' id='par_1_84' title="bbox 2257 3701 3781 3780">
     <span class='ocr_line' id='line_1_84' title="bbox 2257 3701 3781 3780; baseline -0.007 -15"><span class='ocrx_word' id='word_1_602' title='bbox 2257 3712 2546 3766; x_wconf 86' lang='lat' dir='ltr'><strong>Ca-lerum</strong></span> <span class='ocrx_word' id='word_1_603' title='bbox 2583 3710 2816 3764; x_wconf 85' lang='lat' dir='ltr'><strong>Patrem</strong></span> <span class='ocrx_word' id='word_1_604' title='bbox 2851 3705 3349 3780; x_wconf 87' lang='lat' dir='ltr'><strong>quemadmodum</strong></span> <span class='ocrx_word' id='word_1_605' title='bbox 3410 3705 3550 3760; x_wconf 82' lang='lat' dir='ltr'><strong>ridet</strong></span> <span class='ocrx_word' id='word_1_606' title='bbox 3588 3701 3781 3760; x_wconf 81' lang='lat' dir='ltr'><strong>facien-</strong></span> 
     </span>
    </p>
   </div>
   <div class='ocr_carea' id='block_1_85' title="bbox 2186 3795 3779 3868">
    <p class='ocr_par' dir='ltr' id='par_1_85' title="bbox 2186 3795 3779 3868">
     <span class='ocr_line' id='line_1_85' title="bbox 2186 3795 3779 3868; baseline -0.007 -15"><span class='ocrx_word' id='word_1_607' title='bbox 2186 3805 2330 3868; x_wconf 89' lang='lat' dir='ltr'><strong>tem,</strong></span> <span class='ocrx_word' id='word_1_608' title='bbox 2355 3799 2434 3853; x_wconf 89' lang='lat' dir='ltr'><strong>ita</strong></span> <span class='ocrx_word' id='word_1_609' title='bbox 2466 3805 2524 3854; x_wconf 90' lang='lat' dir='ltr'><strong>et</strong></span> <span class='ocrx_word' id='word_1_610' title='bbox 2545 3798 2788 3858; x_wconf 81' lang='lat' dir='ltr'><strong>.demum</strong></span> <span class='ocrx_word' id='word_1_611' title='bbox 2823 3797 2966 3853; x_wconf 82' lang='lat' dir='ltr'><strong>facit</strong></span> <span class='ocrx_word' id='word_1_612' title='bbox 3022 3800 3108 3851; x_wconf 82' lang='lat' dir='ltr'><strong>An</strong></span> <span class='ocrx_word' id='word_1_613' title='bbox 3143 3811 3278 3851; x_wconf 89' lang='lat' dir='ltr'><strong>vero</strong></span> <span class='ocrx_word' id='word_1_614' title='bbox 3305 3802 3366 3850; x_wconf 89' lang='lat' dir='ltr'><strong>ut</strong></span> <span class='ocrx_word' id='word_1_615' title='bbox 3395 3795 3488 3866; x_wconf 88' lang='lat' dir='ltr'><strong>qui</strong></span> <span class='ocrx_word' id='word_1_616' title='bbox 3516 3795 3706 3847; x_wconf 82' lang='lat' dir='ltr'><strong>formas</strong></span> <span class='ocrx_word' id='word_1_617' title='bbox 3728 3795 3779 3844; x_wconf 88' lang='lat' dir='ltr'><strong>et</strong></span> 
     </span>
    </p>
   </div>
   <div class='ocr_carea' id='block_1_86' title="bbox 2185 3881 3765 3959">
    <p class='ocr_par' dir='ltr' id='par_1_86' title="bbox 2185 3881 3765 3959">
     <span class='ocr_line' id='line_1_86' title="bbox 2185 3881 3765 3959; baseline -0.008 -17"><span class='ocrx_word' id='word_1_618' title='bbox 2185 3887 2415 3944; x_wconf 86' lang='lat' dir='ltr'><strong>litteras</strong></span> <span class='ocrx_word' id='word_1_619' title='bbox 2445 3886 2788 3959; x_wconf 82' lang='lat' dir='ltr'><strong>depingunt.</strong></span> <span class='ocrx_word' id='word_1_620' title='bbox 2814 3887 2952 3956; x_wconf 87' lang='lat' dir='ltr'><strong>quia</strong></span> <span class='ocrx_word' id='word_1_621' title='bbox 2982 3902 3107 3941; x_wconf 91' lang='lat' dir='ltr'><strong>non</strong></span> <span class='ocrx_word' id='word_1_622' title='bbox 3159 3883 3334 3955; x_wconf 58' lang='lat' dir='ltr'><strong>sitgad</strong></span> <span class='ocrx_word' id='word_1_623' title='bbox 3369 3883 3455 3936; x_wconf 83' lang='lat' dir='ltr'><strong>rei</strong></span> <span class='ocrx_word' id='word_1_624' title='bbox 3504 3881 3765 3934; x_wconf 76' lang='lat' dir='ltr'><strong>veritatem</strong></span> 
     </span>
    </p>
   </div>
   <div class='ocr_carea' id='block_1_87' title="bbox 2186 3966 3776 4049">
    <p class='ocr_par' dir='ltr' id='par_1_87' title="bbox 2186 3966 3776 4049">
     <span class='ocr_line' id='line_1_87' title="bbox 2186 3966 3776 4049; baseline -0.009 -15"><span class='ocrx_word' id='word_1_625' title='bbox 2186 3975 2665 4049; x_wconf 87' lang='lat' dir='ltr'><strong>consequendam</strong></span> <span class='ocrx_word' id='word_1_626' title='bbox 2699 3974 2816 4032; x_wconf 89' lang='lat' dir='ltr'><strong>alia</strong></span> <span class='ocrx_word' id='word_1_627' title='bbox 2845 3975 3086 4041; x_wconf 85' lang='lat' dir='ltr'><strong>via,nisi</strong></span> <span class='ocrx_word' id='word_1_628' title='bbox 3118 3974 3310 4032; x_wconf 87' lang='lat' dir='ltr'><strong>oculos</strong></span> <span class='ocrx_word' id='word_1_629' title='bbox 3328 3971 3400 4027; x_wconf 83' lang='lat' dir='ltr'><strong>ad</strong></span> <span class='ocrx_word' id='word_1_630' title='bbox 3434 3966 3699 4039; x_wconf 75' lang='lat' dir='ltr'><strong>exemplar</strong></span> <span class='ocrx_word' id='word_1_631' title='bbox 3720 3969 3776 4020; x_wconf 82' lang='lat' dir='ltr'><strong>et</strong></span> 
     </span>
    </p>
   </div>
   <div class='ocr_carea' id='block_1_88' title="bbox 2186 4056 3788 4140">
    <p class='ocr_par' dir='ltr' id='par_1_88' title="bbox 2186 4056 3788 4140">
     <span class='ocr_line' id='line_1_88' title="bbox 2186 4056 3788 4140; baseline -0.01 -15"><span class='ocrx_word' id='word_1_632' title='bbox 2186 4068 2574 4140; x_wconf 87' lang='lat' dir='ltr'><strong>archetypum</strong></span> <span class='ocrx_word' id='word_1_633' title='bbox 2589 4065 2839 4122; x_wconf 90' lang='lat' dir='ltr'><strong>subinde</strong></span> <span class='ocrx_word' id='word_1_634' title='bbox 2871 4064 3558 4132; x_wconf 79' lang='lat' dir='ltr'><strong>intendantmanumque</strong></span> <span class='ocrx_word' id='word_1_635' title='bbox 3584 4057 3650 4113; x_wconf 84' lang='lat' dir='ltr'><strong>ad</strong></span> <span class='ocrx_word' id='word_1_636' title='bbox 3675 4056 3788 4127; x_wconf 77' lang='lat' dir='ltr'><strong>ejus</strong></span> 
     </span>
    </p>
   </div>
   <div class='ocr_carea' id='block_1_89' title="bbox 2185 4151 3796 4228">
    <p class='ocr_par' dir='ltr' id='par_1_89' title="bbox 2185 4151 3796 4228">
     <span class='ocr_line' id='line_1_89' title="bbox 2185 4151 3796 4228; baseline -0.009 -15"><span class='ocrx_word' id='word_1_637' title='bbox 2185 4157 2580 4213; x_wconf 86' lang='lat' dir='ltr'><strong>imitationem</strong></span> <span class='ocrx_word' id='word_1_638' title='bbox 2613 4154 2868 4228; x_wconf 82' lang='lat' dir='ltr'><strong>dirigant</strong></span> <span class='ocrx_word' id='word_1_639' title='bbox 2889 4153 3044 4220; x_wconf 84' lang='lat' dir='ltr'><strong>?Qui</strong></span> <span class='ocrx_word' id='word_1_640' title='bbox 3068 4169 3204 4208; x_wconf 86' lang='lat' dir='ltr'><strong>vero</strong></span> <span class='ocrx_word' id='word_1_641' title='bbox 3237 4151 3365 4208; x_wconf 87' lang='lat' dir='ltr'><strong>fieri</strong></span> <span class='ocrx_word' id='word_1_642' title='bbox 3385 4153 3588 4223; x_wconf 87' lang='lat' dir='ltr'><strong>potest,</strong></span> <span class='ocrx_word' id='word_1_643' title='bbox 3628 4152 3689 4202; x_wconf 92' lang='lat' dir='ltr'><strong>ut</strong></span> <span class='ocrx_word' id='word_1_644' title='bbox 3712 4160 3796 4199; x_wconf 86' lang='lat' dir='ltr'><strong>sa-</strong></span> 
     </span>
    </p>
   </div>
   <div class='ocr_carea' id='block_1_90' title="bbox 2185 4233 3801 4319">
    <p class='ocr_par' dir='ltr' id='par_1_90' title="bbox 2185 4233 3801 4319">
     <span class='ocr_line' id='line_1_90' title="bbox 2185 4233 3801 4319; baseline -0.009 -17"><span class='ocrx_word' id='word_1_645' title='bbox 2185 4245 2413 4319; x_wconf 90' lang='lat' dir='ltr'><strong>pientia</strong></span> <span class='ocrx_word' id='word_1_646' title='bbox 2444 4244 2684 4301; x_wconf 89' lang='lat' dir='ltr'><strong>doctore</strong></span> <span class='ocrx_word' id='word_1_647' title='bbox 2715 4243 2980 4316; x_wconf 82' lang='lat' dir='ltr'><strong>indigeat</strong></span> <span class='ocrx_word' id='word_1_648' title='bbox 3001 4241 3029 4298; x_wconf 86' lang='lat'><strong>?</strong></span> <span class='ocrx_word' id='word_1_649' title='bbox 3050 4240 3275 4298; x_wconf 87' lang='lat' dir='ltr'><strong>nihilne</strong></span> <span class='ocrx_word' id='word_1_650' title='bbox 3301 4241 3530 4298; x_wconf 87' lang='lat' dir='ltr'><strong>factura</strong></span> <span class='ocrx_word' id='word_1_651' title='bbox 3556 4241 3658 4304; x_wconf 89' lang='lat' dir='ltr'><strong>est,</strong></span> <span class='ocrx_word' id='word_1_652' title='bbox 3699 4233 3801 4291; x_wconf 88' lang='lat' dir='ltr'><strong>nisi</strong></span> 
     </span>
    </p>
   </div>
   <div class='ocr_carea' id='block_1_91' title="bbox 2187 4321 3808 4405">
    <p class='ocr_par' dir='ltr' id='par_1_91' title="bbox 2187 4321 3808 4405">
     <span class='ocr_line' id='line_1_91' title="bbox 2187 4321 3808 4405; baseline -0.009 -14"><span class='ocrx_word' id='word_1_653' title='bbox 2187 4335 2470 4392; x_wconf 88' lang='lat' dir='ltr'><strong>doceatur</strong></span> <span class='ocrx_word' id='word_1_654' title='bbox 2495 4333 2524 4390; x_wconf 77' lang='lat' dir='ltr'><strong>‘I</strong></span> <span class='ocrx_word' id='word_1_655' title='bbox 2550 4333 2857 4401; x_wconf 90' lang='lat' dir='ltr'><strong>Quomodo</strong></span> <span class='ocrx_word' id='word_1_656' title='bbox 2899 4339 3097 4389; x_wconf 88' lang='lat' dir='ltr'><strong>autem</strong></span> <span class='ocrx_word' id='word_1_657' title='bbox 3128 4332 3302 4387; x_wconf 85' lang='lat' dir='ltr'><strong>Pater</strong></span> <span class='ocrx_word' id='word_1_658' title='bbox 3351 4331 3496 4405; x_wconf 87' lang='lat' dir='ltr'><strong>agit,</strong></span> <span class='ocrx_word' id='word_1_659' title='bbox 3525 4334 3620 4386; x_wconf 89' lang='lat' dir='ltr'><strong>aut</strong></span> <span class='ocrx_word' id='word_1_660' title='bbox 3651 4321 3808 4398; x_wconf 75' lang='lat' dir='ltr'><strong>egit?</strong></span> 
     </span>
    </p>
   </div>
   <div class='ocr_carea' id='block_1_92' title="bbox 2185 4411 3810 4492">
    <p class='ocr_par' dir='ltr' id='par_1_92' title="bbox 2185 4411 3810 4492">
     <span class='ocr_line' id='line_1_92' title="bbox 2185 4411 3810 4492; baseline -0.009 -12"><span class='ocrx_word' id='word_1_661' title='bbox 2185 4424 2462 4481; x_wconf 81' lang='lat' dir='ltr'><strong>Aliumne</strong></span> <span class='ocrx_word' id='word_1_662' title='bbox 2484 4430 2659 4478; x_wconf 86' lang='lat' dir='ltr'><strong>antea</strong></span> <span class='ocrx_word' id='word_1_663' title='bbox 2689 4422 2954 4478; x_wconf 87' lang='lat' dir='ltr'><strong>condidit</strong></span> <span class='ocrx_word' id='word_1_664' title='bbox 2985 4419 3272 4478; x_wconf 88' lang='lat' dir='ltr'><strong>mundum</strong></span> <span class='ocrx_word' id='word_1_665' title='bbox 3299 4419 3434 4477; x_wconf 90' lang='lat' dir='ltr'><strong>loco</strong></span> <span class='ocrx_word' id='word_1_666' title='bbox 3481 4411 3810 4492; x_wconf 72' lang='lat' dir='ltr'><strong>praesentis?</strong></span> 
     </span>
    </p>
   </div>
   <div class='ocr_carea' id='block_1_93' title="bbox 2186 4505 3816 4586">
    <p class='ocr_par' dir='ltr' id='par_1_93' title="bbox 2186 4505 3816 4586">
     <span class='ocr_line' id='line_1_93' title="bbox 2186 4505 3816 4586; baseline -0.006 -18"><span class='ocrx_word' id='word_1_667' title='bbox 2186 4513 2515 4586; x_wconf 90' lang='lat' dir='ltr'><strong>quamlibet</strong></span> <span class='ocrx_word' id='word_1_668' title='bbox 2546 4513 2809 4568; x_wconf 90' lang='lat' dir='ltr'><strong>futurum</strong></span> <span class='ocrx_word' id='word_1_669' title='bbox 2844 4509 3265 4567; x_wconf 83' lang='lat' dir='ltr'><strong>constituerit?</strong></span> <span class='ocrx_word' id='word_1_670' title='bbox 3292 4525 3488 4581; x_wconf 90' lang='lat' dir='ltr'><strong>eoque</strong></span> <span class='ocrx_word' id='word_1_671' title='bbox 3518 4505 3816 4580; x_wconf 72' lang='lat' dir='ltr'><strong>respiciens</strong></span> 
     </span>
    </p>
   </div>
   <div class='ocr_carea' id='block_1_94' title="bbox 441 4598 3817 4672">
    <p class='ocr_par' dir='ltr' id='par_1_94' title="bbox 441 4598 3817 4672">
     <span class='ocr_line' id='line_1_94' title="bbox 441 4598 3817 4672; baseline -0.001 -20"><span class='ocrx_word' id='word_1_672' title='bbox 441 4613 562 4653; x_wconf 91' lang='lat' dir='ltr'><strong>non</strong></span> <span class='ocrx_word' id='word_1_673' title='bbox 621 4598 718 4666; x_wconf 91' lang='lat' dir='ltr'><strong>sit,</strong></span> <span class='ocrx_word' id='word_1_674' title='bbox 776 4603 886 4653; x_wconf 90' lang='lat' dir='ltr'><strong>ut:</strong></span> <span class='ocrx_word' id='word_1_675' title='bbox 952 4599 1068 4653; x_wconf 86' lang='lat' dir='ltr'><strong>Non</strong></span> <span class='ocrx_word' id='word_1_676' title='bbox 1119 4605 1351 4669; x_wconf 82' lang='lat' dir='ltr'><strong>possunt</strong></span> <span class='ocrx_word' id='word_1_677' title='bbox 1404 4598 1513 4667; x_wconf 79' lang='lat' dir='ltr'><strong>ﬁlii</strong></span> <span class='ocrx_word' id='word_1_678' title='bbox 1564 4599 1752 4670; x_wconf 84' lang='lat' dir='ltr'><strong>spousi</strong></span> <span class='ocrx_word' id='word_1_679' title='bbox 1795 4600 2074 4671; x_wconf 80' lang='lat' dir='ltr'><strong>jejunare.</strong></span> <span class='ocrx_word' id='word_1_680' title='bbox 2111 4602 2156 4667; x_wconf 89' lang='lat' dir='ltr'><strong>D</strong></span> <span class='ocrx_word' id='word_1_681' title='bbox 2190 4601 2368 4658; x_wconf 80' lang='lat' dir='ltr'><strong>Filiu-</strong></span> <span class='ocrx_word' id='word_1_682' title='bbox 2403 4602 2655 4657; x_wconf 88' lang='lat' dir='ltr'><strong>alterum</strong></span> <span class='ocrx_word' id='word_1_683' title='bbox 2711 4601 2949 4672; x_wconf 90' lang='lat' dir='ltr'><strong>quidem</strong></span> <span class='ocrx_word' id='word_1_684' title='bbox 2989 4598 3316 4663; x_wconf 87' lang='lat' dir='ltr'><strong>constituit,</strong></span> <span class='ocrx_word' id='word_1_685' title='bbox 3355 4598 3608 4654; x_wconf 85' lang='lat' dir='ltr'><strong>alterum</strong></span> <span class='ocrx_word' id='word_1_686' title='bbox 3639 4601 3817 4651; x_wconf 86' lang='lat' dir='ltr'><strong>autem</strong></span> 
     </span>
    </p>
   </div>
   <div class='ocr_carea' id='block_1_95' title="bbox 441 4687 2084 4760">
    <p class='ocr_par' dir='ltr' id='par_1_95' title="bbox 441 4687 2084 4760">
     <span class='ocr_line' id='line_1_95' title="bbox 441 4687 2084 4760; baseline 0.003 -20"><span class='ocrx_word' id='word_1_687' title='bbox 441 4689 692 4756; x_wconf 81' lang='lat' dir='ltr'><strong>quamliu</strong></span> <span class='ocrx_word' id='word_1_688' title='bbox 747 4701 976 4758; x_wconf 82' lang='lat' dir='ltr'><strong>sponsus</strong></span> <span class='ocrx_word' id='word_1_689' title='bbox 1027 4687 1264 4751; x_wconf 69' lang='lat' dir='ltr'><strong>adest“,</strong></span> <span class='ocrx_word' id='word_1_690' title='bbox 1325 4689 1446 4744; x_wconf 85' lang='lat' dir='ltr'><strong>sive</strong></span> <span class='ocrx_word' id='word_1_691' title='bbox 1521 4688 1822 4760; x_wconf 87' lang='lat' dir='ltr'><strong>corporeis</strong></span> <span class='ocrx_word' id='word_1_692' title='bbox 1897 4689 2084 4745; x_wconf 90' lang='lat' dir='ltr'><strong>oculis</strong></span> 
     </span>
    </p>
   </div>
   <div class='ocr_carea' id='block_1_96' title="bbox 441 4775 2084 4852">
    <p class='ocr_par' dir='ltr' id='par_1_96' title="bbox 441 4775 2084 4852">
     <span class='ocr_line' id='line_1_96' title="bbox 441 4775 2084 4852; baseline 0.004 -24"><span class='ocrx_word' id='word_1_693' title='bbox 441 4775 711 4831; x_wconf 83' lang='lat' dir='ltr'><strong>videatur</strong></span> <span class='ocrx_word' id='word_1_694' title='bbox 739 4776 871 4845; x_wconf 91' lang='lat' dir='ltr'><strong>(nec</strong></span> <span class='ocrx_word' id='word_1_695' title='bbox 921 4775 1078 4831; x_wconf 91' lang='lat' dir='ltr'><strong>enim</strong></span> <span class='ocrx_word' id='word_1_696' title='bbox 1131 4777 1625 4848; x_wconf 78' lang='lat' dir='ltr'><strong>peregrinationis</strong></span> <span class='ocrx_word' id='word_1_697' title='bbox 1669 4794 1797 4845; x_wconf 67' lang='lat' dir='ltr'><strong>ejus</strong></span> <span class='ocrx_word' id='word_1_698' title='bbox 1851 4783 2084 4852; x_wconf 89' lang='lat' dir='ltr'><strong>tempus</strong></span> 
     </span>
    </p>
   </div>
   <div class='ocr_carea' id='block_1_97' title="bbox 441 4866 2084 4939">
    <p class='ocr_par' dir='ltr' id='par_1_97' title="bbox 441 4866 2084 4939">
     <span class='ocr_line' id='line_1_97' title="bbox 441 4866 2084 4939; baseline 0.002 -17"><span class='ocrx_word' id='word_1_699' title='bbox 441 4869 711 4924; x_wconf 75' lang='lat' dir='ltr'><strong>mwroxis</strong></span> <span class='ocrx_word' id='word_1_700' title='bbox 743 4866 1000 4937; x_wconf 88' lang='lat' dir='ltr'><strong>erat,sed</strong></span> <span class='ocrx_word' id='word_1_701' title='bbox 1033 4866 1297 4932; x_wconf 67' lang='lat' dir='ltr'><strong>laetitias).</strong></span> <span class='ocrx_word' id='word_1_702' title='bbox 1325 4867 1444 4923; x_wconf 88' lang='lat' dir='ltr'><strong>sive</strong></span> <span class='ocrx_word' id='word_1_703' title='bbox 1503 4876 1797 4939; x_wconf 87' lang='lat' dir='ltr'><strong>quatenus</strong></span> <span class='ocrx_word' id='word_1_704' title='bbox 1829 4869 2084 4926; x_wconf 88' lang='lat' dir='ltr'><strong>Verbum</strong></span> 
     </span>
    </p>
   </div>
   <div class='ocr_carea' id='block_1_98' title="bbox 441 4956 2086 5031">
    <p class='ocr_par' dir='ltr' id='par_1_98' title="bbox 441 4956 2086 5031">
     <span class='ocr_line' id='line_1_98' title="bbox 441 4956 2086 5031; baseline 0.001 -19"><span class='ocrx_word' id='word_1_705' title='bbox 441 4964 531 5012; x_wconf 84' lang='lat' dir='ltr'><strong>est</strong></span> <span class='ocrx_word' id='word_1_706' title='bbox 561 4957 779 5013; x_wconf 90' lang='lat' dir='ltr'><strong>mentis</strong></span> <span class='ocrx_word' id='word_1_707' title='bbox 810 4956 998 5014; x_wconf 77' lang='lat' dir='ltr'><strong>oculis</strong></span> <span class='ocrx_word' id='word_1_708' title='bbox 1030 4957 1444 5013; x_wconf 87' lang='lat' dir='ltr'><strong>consideretur</strong></span> <span class='ocrx_word' id='word_1_709' title='bbox 1469 4957 1618 5024; x_wconf 89' lang='lat' dir='ltr'><strong>Quid</strong></span> <span class='ocrx_word' id='word_1_710' title='bbox 1639 4959 1794 5014; x_wconf 80' lang='lat' dir='ltr'><strong>enim</strong></span> <span class='ocrx_word' id='word_1_711' title='bbox 1817 4965 1906 5015; x_wconf 89' lang='lat' dir='ltr'><strong>est</strong></span> <span class='ocrx_word' id='word_1_712' title='bbox 1927 4957 2086 5031; x_wconf 89' lang='lat' dir='ltr'><strong>quod</strong></span> 
     </span>
    </p>
   </div>
   <div class='ocr_carea' id='block_1_99' title="bbox 439 5045 2088 5121">
    <p class='ocr_par' dir='ltr' id='par_1_99' title="bbox 439 5045 2088 5121">
     <span class='ocr_line' id='line_1_99' title="bbox 439 5045 2088 5121; baseline 0.001 -19"><span class='ocrx_word' id='word_1_713' title='bbox 439 5045 477 5102; x_wconf 92' lang='lat' dir='ltr'><strong>ii</strong></span> <span class='ocrx_word' id='word_1_714' title='bbox 513 5049 1078 5121; x_wconf 84' lang='lat' dir='ltr'><strong>corporejejunent,</strong></span> <span class='ocrx_word' id='word_1_715' title='bbox 1110 5047 1326 5120; x_wconf 89' lang='lat' dir='ltr'><strong>quibus</strong></span> <span class='ocrx_word' id='word_1_716' title='bbox 1357 5048 1592 5103; x_wconf 88' lang='lat' dir='ltr'><strong>animus</strong></span> <span class='ocrx_word' id='word_1_717' title='bbox 1627 5048 1813 5104; x_wconf 84' lang='lat' dir='ltr'><strong>Verbo</strong></span> <span class='ocrx_word' id='word_1_718' title='bbox 1871 5064 2088 5120; x_wconf 83' lang='lat' dir='ltr'><strong>expur-</strong></span> 
     </span>
    </p>
   </div>
   <div class='ocr_carea' id='block_1_100' title="bbox 439 5136 2087 5212">
    <p class='ocr_par' dir='ltr' id='par_1_100' title="bbox 439 5136 2087 5212">
     <span class='ocr_line' id='line_1_100' title="bbox 439 5136 2087 5212; baseline 0.001 -20"><span class='ocrx_word' id='word_1_719' title='bbox 439 5137 652 5210; x_wconf 84' lang='lat' dir='ltr'><strong>gatur?</strong></span> <span class='ocrx_word' id='word_1_720' title='bbox 672 5153 764 5210; x_wconf 67' lang='lat' dir='ltr'><strong>pa:</strong></span> <span class='ocrx_word' id='word_1_721' title='bbox 782 5138 889 5194; x_wconf 87' lang='lat' dir='ltr'><strong>tim</strong></span> <span class='ocrx_word' id='word_1_722' title='bbox 957 5153 1194 5212; x_wconf 91' lang='lat' dir='ltr'><strong>quoque</strong></span> <span class='ocrx_word' id='word_1_723' title='bbox 1228 5136 1367 5208; x_wconf 89' lang='lat' dir='ltr'><strong>quia</strong></span> <span class='ocrx_word' id='word_1_724' title='bbox 1397 5136 1454 5191; x_wconf 91' lang='lat' dir='ltr'><strong>id</strong></span> <span class='ocrx_word' id='word_1_725' title='bbox 1490 5138 1656 5198; x_wconf 85' lang='lat' dir='ltr'><strong>nolit.</strong></span> <span class='ocrx_word' id='word_1_726' title='bbox 1677 5144 1740 5193; x_wconf 87' lang='lat' dir='ltr'><strong>ut</strong></span> <span class='ocrx_word' id='word_1_727' title='bbox 1772 5154 1890 5194; x_wconf 90' lang='lat' dir='ltr'><strong>non</strong></span> <span class='ocrx_word' id='word_1_728' title='bbox 1915 5154 2087 5212; x_wconf 85' lang='lat' dir='ltr'><strong>posse</strong></span> 
     </span>
    </p>
   </div>
   <div class='ocr_carea' id='block_1_101' title="bbox 439 5224 2088 5302">
    <p class='ocr_par' dir='ltr' id='par_1_101' title="bbox 439 5224 2088 5302">
     <span class='ocr_line' id='line_1_101' title="bbox 439 5224 2088 5302; baseline 0.001 -20"><span class='ocrx_word' id='word_1_729' title='bbox 439 5224 560 5284; x_wconf 87' lang='lat' dir='ltr'><strong>illic</strong></span> <span class='ocrx_word' id='word_1_730' title='bbox 603 5229 767 5302; x_wconf 66' lang='lat' dir='ltr'><strong>signa</strong></span> <span class='ocrx_word' id='word_1_731' title='bbox 801 5229 1014 5295; x_wconf 88' lang='lat' dir='ltr'><strong>facere,</strong></span> <span class='ocrx_word' id='word_1_732' title='bbox 1041 5235 1284 5302; x_wconf 90' lang='lat' dir='ltr'><strong>propter</strong></span> <span class='ocrx_word' id='word_1_733' title='bbox 1331 5227 1748 5300; x_wconf 55' lang='lat' dir='ltr'><strong>accipi&#39;ntium</strong></span> <span class='ocrx_word' id='word_1_734' title='bbox 1811 5228 2088 5284; x_wconf 86' lang='lat' dir='ltr'><strong>incredu-</strong></span> 
     </span>
    </p>
   </div>
   <div class='ocr_carea' id='block_1_102' title="bbox 440 5315 2089 5386">
    <p class='ocr_par' dir='ltr' id='par_1_102' title="bbox 440 5315 2089 5386">
     <span class='ocr_line' id='line_1_102' title="bbox 440 5315 2089 5386; baseline 0.002 -16"><span class='ocrx_word' id='word_1_735' title='bbox 440 5315 686 5378; x_wconf 74' lang='lat' dir='ltr'><strong>litatem.</strong></span> <span class='ocrx_word' id='word_1_736' title='bbox 747 5320 893 5386; x_wconf 89' lang='lat' dir='ltr'><strong>Quia</strong></span> <span class='ocrx_word' id='word_1_737' title='bbox 961 5319 1121 5375; x_wconf 90' lang='lat' dir='ltr'><strong>enim</strong></span> <span class='ocrx_word' id='word_1_738' title='bbox 1179 5317 1252 5374; x_wconf 89' lang='lat' dir='ltr'><strong>ad</strong></span> <span class='ocrx_word' id='word_1_739' title='bbox 1329 5317 1673 5374; x_wconf 87' lang='lat' dir='ltr'><strong>morborum</strong></span> <span class='ocrx_word' id='word_1_740' title='bbox 1749 5319 2089 5375; x_wconf 87' lang='lat' dir='ltr'><strong>curationes</strong></span> 
     </span>
    </p>
   </div>
   <div class='ocr_carea' id='block_1_103' title="bbox 441 5407 2088 5482">
    <p class='ocr_par' dir='ltr' id='par_1_103' title="bbox 441 5407 2088 5482">
     <span class='ocr_line' id='line_1_103' title="bbox 441 5407 2088 5482; baseline 0.005 -26"><span class='ocrx_word' id='word_1_741' title='bbox 441 5413 759 5482; x_wconf 87' lang='lat' dir='ltr'><strong>utrumque</strong></span> <span class='ocrx_word' id='word_1_742' title='bbox 810 5407 1211 5467; x_wconf 81' lang='lat' dir='ltr'><strong>necessarium</strong></span> <span class='ocrx_word' id='word_1_743' title='bbox 1248 5414 1393 5477; x_wconf 86' lang='lat' dir='ltr'><strong>erat,</strong></span> <span class='ocrx_word' id='word_1_744' title='bbox 1429 5413 1486 5464; x_wconf 91' lang='lat' dir='ltr'><strong>et</strong></span> <span class='ocrx_word' id='word_1_745' title='bbox 1527 5407 1675 5464; x_wconf 84' lang='lat' dir='ltr'><strong>fides</strong></span> <span class='ocrx_word' id='word_1_746' title='bbox 1723 5425 1928 5466; x_wconf 87' lang='lat' dir='ltr'><strong>eorum</strong></span> <span class='ocrx_word' id='word_1_747' title='bbox 1987 5409 2088 5482; x_wconf 89' lang='lat' dir='ltr'><strong>qui</strong></span> 
     </span>
    </p>
   </div>
   <div class='ocr_carea' id='block_1_104' title="bbox 440 5597 1057 5673">
    <p class='ocr_par' dir='ltr' id='par_1_104' title="bbox 440 5597 1057 5673">
     <span class='ocr_line' id='line_1_104' title="bbox 440 5597 1057 5673; baseline 0.006 -17"><span class='ocrx_word' id='word_1_748' title='bbox 440 5601 526 5657; x_wconf 79' lang='grc'><strong>15.</strong></span> <span class='ocrx_word' id='word_1_749' title='bbox 677 5597 970 5673; x_wconf 47' lang='grc' dir='ltr'><strong>ξοαηξνιι,</strong></span> <span class='ocrx_word' id='word_1_750' title='bbox 1003 5611 1057 5662; x_wconf 86' lang='lat'><strong>7.</strong></span> 
     </span>
    </p>
   </div>
   <div class='ocr_carea' id='block_1_105' title="bbox 441 5669 1060 5742">
    <p class='ocr_par' dir='ltr' id='par_1_105' title="bbox 441 5669 1060 5742">
     <span class='ocr_line' id='line_1_105' title="bbox 441 5669 1060 5742; baseline 0.002 -10"><span class='ocrx_word' id='word_1_751' title='bbox 441 5675 527 5732; x_wconf 79' lang='grc'><strong>10.</strong></span> <span class='ocrx_word' id='word_1_752' title='bbox 607 5669 650 5706; x_wconf 68' lang='grc'><strong>⁸³</strong></span> <span class='ocrx_word' id='word_1_753' title='bbox 671 5671 836 5728; x_wconf 81' lang='lat' dir='ltr'><strong>Joan.</strong></span> <span class='ocrx_word' id='word_1_754' title='bbox 865 5669 1060 5742; x_wconf 43' lang='lat' dir='ltr'><strong>v1,&#39;58.</strong></span> 
     </span>
    </p>
   </div>
   <div class='ocr_carea' id='block_1_106' title="bbox 2193 4686 3823 4758">
    <p class='ocr_par' dir='ltr' id='par_1_106' title="bbox 2193 4686 3823 4758">
     <span class='ocr_line' id='line_1_106' title="bbox 2193 4686 3823 4758; baseline -0.008 -8"><span class='ocrx_word' id='word_1_755' title='bbox 2193 4692 2626 4750; x_wconf 85' lang='lat' dir='ltr'><strong>conslituturns</strong></span> <span class='ocrx_word' id='word_1_756' title='bbox 2639 4699 2730 4746; x_wconf 89' lang='lat' dir='ltr'><strong>est</strong></span> <span class='ocrx_word' id='word_1_757' title='bbox 2748 4690 2776 4746; x_wconf 80' lang='lat' dir='ltr'><strong>‘l</strong></span> <span class='ocrx_word' id='word_1_758' title='bbox 2801 4697 3213 4758; x_wconf 67' lang='lat' dir='ltr'><strong>Auatuorergo</strong></span> <span class='ocrx_word' id='word_1_759' title='bbox 3243 4689 3459 4744; x_wconf 89' lang='lat' dir='ltr'><strong>mundi</strong></span> <span class='ocrx_word' id='word_1_760' title='bbox 3489 4691 3598 4744; x_wconf 83' lang='lat' dir='ltr'><strong>hac</strong></span> <span class='ocrx_word' id='word_1_761' title='bbox 3617 4686 3823 4744; x_wconf 86' lang='lat' dir='ltr'><strong>ratione</strong></span> 
     </span>
    </p>
   </div>
   <div class='ocr_carea' id='block_1_107' title="bbox 2193 4773 3828 4852">
    <p class='ocr_par' dir='ltr' id='par_1_107' title="bbox 2193 4773 3828 4852">
     <span class='ocr_line' id='line_1_107' title="bbox 2193 4773 3828 4852; baseline -0.008 -14"><span class='ocrx_word' id='word_1_762' title='bbox 2193 4783 2499 4838; x_wconf 90' lang='lat' dir='ltr'><strong>constituti</strong></span> <span class='ocrx_word' id='word_1_763' title='bbox 2529 4781 3030 4852; x_wconf 83' lang='lat' dir='ltr'><strong>fuerintquornm</strong></span> <span class='ocrx_word' id='word_1_764' title='bbox 3063 4779 3212 4836; x_wconf 86' lang='lat' dir='ltr'><strong>alios</strong></span> <span class='ocrx_word' id='word_1_765' title='bbox 3247 4779 3445 4845; x_wconf 87' lang='lat' dir='ltr'><strong>Pater,</strong></span> <span class='ocrx_word' id='word_1_766' title='bbox 3481 4777 3624 4834; x_wconf 88' lang='lat' dir='ltr'><strong>alios</strong></span> <span class='ocrx_word' id='word_1_767' title='bbox 3658 4773 3828 4831; x_wconf 84' lang='lat' dir='ltr'><strong>Filius</strong></span> 
     </span>
    </p>
   </div>
   <div class='ocr_carea' id='block_1_108' title="bbox 2192 4861 3833 4944">
    <p class='ocr_par' dir='ltr' id='par_1_108' title="bbox 2192 4861 3833 4944">
     <span class='ocr_line' id='line_1_108' title="bbox 2192 4861 3833 4944; baseline -0.005 -18"><span class='ocrx_word' id='word_1_768' title='bbox 2192 4871 2419 4928; x_wconf 86' lang='lat' dir='ltr'><strong>fecerit.</strong></span> <span class='ocrx_word' id='word_1_769' title='bbox 2453 4871 2496 4926; x_wconf 94' lang='grc' dir='ltr'><strong>Ο</strong></span> <span class='ocrx_word' id='word_1_770' title='bbox 2527 4869 2814 4944; x_wconf 86' lang='lat' dir='ltr'><strong>ineptias!</strong></span> <span class='ocrx_word' id='word_1_771' title='bbox 2848 4871 3013 4935; x_wconf 88' lang='lat' dir='ltr'><strong>Quod</strong></span> <span class='ocrx_word' id='word_1_772' title='bbox 3043 4884 3182 4940; x_wconf 83' lang='lat' dir='ltr'><strong>ergo</strong></span> <span class='ocrx_word' id='word_1_773' title='bbox 3211 4883 3246 4923; x_wconf 89' lang='lat' dir='ltr'><strong>a</strong></span> <span class='ocrx_word' id='word_1_774' title='bbox 3278 4867 3450 4940; x_wconf 87' lang='lat' dir='ltr'><strong>lepra</strong></span> <span class='ocrx_word' id='word_1_775' title='bbox 3483 4876 3543 4924; x_wconf 91' lang='lat' dir='ltr'><strong>et</strong></span> <span class='ocrx_word' id='word_1_776' title='bbox 3583 4861 3833 4922; x_wconf 89' lang='lat' dir='ltr'><strong>demoni-</strong></span> 
     </span>
    </p>
   </div>
   <div class='ocr_carea' id='block_1_109' title="bbox 2195 4954 3837 5032">
    <p class='ocr_par' dir='ltr' id='par_1_109' title="bbox 2195 4954 3837 5032">
     <span class='ocr_line' id='line_1_109' title="bbox 2195 4954 3837 5032; baseline -0.005 -17"><span class='ocrx_word' id='word_1_777' title='bbox 2195 4960 2306 5016; x_wconf 91' lang='lat' dir='ltr'><strong>bus</strong></span> <span class='ocrx_word' id='word_1_778' title='bbox 2374 4966 2604 5032; x_wconf 75' lang='lat' dir='ltr'><strong>purgat.</strong></span> <span class='ocrx_word' id='word_1_779' title='bbox 2655 4959 2894 5014; x_wconf 88' lang='lat' dir='ltr'><strong>morbos</strong></span> <span class='ocrx_word' id='word_1_780' title='bbox 2949 4963 3136 5014; x_wconf 87' lang='lat' dir='ltr'><strong>curat.</strong></span> <span class='ocrx_word' id='word_1_781' title='bbox 3185 4963 3462 5012; x_wconf 89' lang='lat' dir='ltr'><strong>mortuos</strong></span> <span class='ocrx_word' id='word_1_782' title='bbox 3512 4954 3837 5020; x_wconf 80' lang='lat' dir='ltr'><strong>exsuscitat,</strong></span> 
     </span>
    </p>
   </div>
   <div class='ocr_carea' id='block_1_110' title="bbox 2197 5045 3841 5122">
    <p class='ocr_par' dir='ltr' id='par_1_110' title="bbox 2197 5045 3841 5122">
     <span class='ocr_line' id='line_1_110' title="bbox 2197 5045 3841 5122; baseline -0.004 -16"><span class='ocrx_word' id='word_1_783' title='bbox 2197 5066 2376 5122; x_wconf 86' lang='lat' dir='ltr'><strong>super</strong></span> <span class='ocrx_word' id='word_1_784' title='bbox 2413 5065 2576 5106; x_wconf 86' lang='lat' dir='ltr'><strong>mare</strong></span> <span class='ocrx_word' id='word_1_785' title='bbox 2624 5048 2911 5108; x_wconf 86' lang='lat' dir='ltr'><strong>ambulat.</strong></span> <span class='ocrx_word' id='word_1_786' title='bbox 2967 5055 3302 5118; x_wconf 82' lang='lat' dir='ltr'><strong>caeteraque</strong></span> <span class='ocrx_word' id='word_1_787' title='bbox 3347 5045 3468 5104; x_wconf 85' lang='lat' dir='ltr'><strong>alia</strong></span> <span class='ocrx_word' id='word_1_788' title='bbox 3517 5045 3676 5113; x_wconf 78' lang='lat' dir='ltr'><strong>iacit,</strong></span> <span class='ocrx_word' id='word_1_789' title='bbox 3722 5059 3841 5115; x_wconf 66' lang='lat' dir='ltr'><strong>qua:</strong></span> 
     </span>
    </p>
   </div>
   <div class='ocr_carea' id='block_1_111' title="bbox 2197 5134 3846 5211">
    <p class='ocr_par' dir='ltr' id='par_1_111' title="bbox 2197 5134 3846 5211">
     <span class='ocr_line' id='line_1_111' title="bbox 2197 5134 3846 5211; baseline -0.004 -17"><span class='ocrx_word' id='word_1_790' title='bbox 2197 5139 2438 5211; x_wconf 90' lang='lat' dir='ltr'><strong>quidem</strong></span> <span class='ocrx_word' id='word_1_791' title='bbox 2471 5139 2628 5207; x_wconf 91' lang='lat' dir='ltr'><strong>fecit,</strong></span> <span class='ocrx_word' id='word_1_792' title='bbox 2663 5155 2921 5211; x_wconf 86' lang='lat' dir='ltr'><strong>quanam</strong></span> <span class='ocrx_word' id='word_1_793' title='bbox 2954 5137 3014 5192; x_wconf 91' lang='lat' dir='ltr'><strong>in</strong></span> <span class='ocrx_word' id='word_1_794' title='bbox 3066 5153 3128 5191; x_wconf 91' lang='lat' dir='ltr'><strong>re</strong></span> <span class='ocrx_word' id='word_1_795' title='bbox 3169 5142 3272 5194; x_wconf 89' lang='lat' dir='ltr'><strong>aut</strong></span> <span class='ocrx_word' id='word_1_796' title='bbox 3319 5134 3569 5207; x_wconf 84' lang='lat' dir='ltr'><strong>quando</strong></span> <span class='ocrx_word' id='word_1_797' title='bbox 3627 5137 3846 5191; x_wconf 88' lang='lat' dir='ltr'><strong>Patrem</strong></span> 
     </span>
    </p>
   </div>
   <div class='ocr_carea' id='block_1_112' title="bbox 2196 5223 3852 5301">
    <p class='ocr_par' dir='ltr' id='par_1_112' title="bbox 2196 5223 3852 5301">
     <span class='ocr_line' id='line_1_112' title="bbox 2196 5223 3852 5301; baseline -0.006 -17"><span class='ocrx_word' id='word_1_798' title='bbox 2196 5229 2398 5284; x_wconf 86' lang='lat' dir='ltr'><strong>omnia</strong></span> <span class='ocrx_word' id='word_1_799' title='bbox 2423 5229 2588 5301; x_wconf 89' lang='lat' dir='ltr'><strong>prius</strong></span> <span class='ocrx_word' id='word_1_800' title='bbox 2618 5228 2937 5286; x_wconf 88' lang='lat' dir='ltr'><strong>facientem</strong></span> <span class='ocrx_word' id='word_1_801' title='bbox 2969 5225 3235 5281; x_wconf 89' lang='lat' dir='ltr'><strong>imitatus</strong></span> <span class='ocrx_word' id='word_1_802' title='bbox 3269 5230 3360 5281; x_wconf 88' lang='lat' dir='ltr'><strong>est</strong></span> <span class='ocrx_word' id='word_1_803' title='bbox 3391 5226 3421 5281; x_wconf 74' lang='lat'><strong>‘2</strong></span> <span class='ocrx_word' id='word_1_804' title='bbox 3453 5230 3544 5280; x_wconf 84' lang='lat' dir='ltr'><strong>An</strong></span> <span class='ocrx_word' id='word_1_805' title='bbox 3588 5223 3852 5281; x_wconf 67' lang='lat' dir='ltr'><strong>videlicet</strong></span> 
     </span>
    </p>
   </div>
   <div class='ocr_carea' id='block_1_113' title="bbox 2199 5314 3851 5392">
    <p class='ocr_par' dir='ltr' id='par_1_113' title="bbox 2199 5314 3851 5392">
     <span class='ocr_line' id='line_1_113' title="bbox 2199 5314 3851 5392; baseline -0.005 -18"><span class='ocrx_word' id='word_1_806' title='bbox 2199 5320 2372 5375; x_wconf 87' lang='lat' dir='ltr'><strong>Pater</strong></span> <span class='ocrx_word' id='word_1_807' title='bbox 2399 5335 2600 5375; x_wconf 89' lang='lat' dir='ltr'><strong>rerum</strong></span> <span class='ocrx_word' id='word_1_808' title='bbox 2635 5316 2975 5392; x_wconf 82' lang='lat' dir='ltr'><strong>hujusmodi</strong></span> <span class='ocrx_word' id='word_1_809' title='bbox 3010 5315 3296 5370; x_wconf 82' lang='lat' dir='ltr'><strong>formulas</strong></span> <span class='ocrx_word' id='word_1_810' title='bbox 3321 5314 3851 5387; x_wconf 67' lang='lat' dir='ltr'><strong>prmscripsit,\’er-</strong></span> 
     </span>
    </p>
   </div>
   <div class='ocr_carea' id='block_1_114' title="bbox 2199 5402 3850 5476">
    <p class='ocr_par' dir='ltr' id='par_1_114' title="bbox 2199 5402 3850 5476">
     <span class='ocr_line' id='line_1_114' title="bbox 2199 5402 3850 5476; baseline -0.005 -11"><span class='ocrx_word' id='word_1_811' title='bbox 2199 5408 2341 5471; x_wconf 86' lang='lat' dir='ltr'><strong>bum</strong></span> <span class='ocrx_word' id='word_1_812' title='bbox 2373 5414 2568 5468; x_wconf 88' lang='lat' dir='ltr'><strong>autem</strong></span> <span class='ocrx_word' id='word_1_813' title='bbox 2606 5425 2726 5465; x_wconf 92' lang='lat' dir='ltr'><strong>non</strong></span> <span class='ocrx_word' id='word_1_814' title='bbox 2755 5407 3045 5465; x_wconf 86' lang='lat' dir='ltr'><strong>serviliter</strong></span> <span class='ocrx_word' id='word_1_815' title='bbox 3072 5403 3500 5476; x_wconf 86' lang='lat' dir='ltr'><strong>autimperite,</strong></span> <span class='ocrx_word' id='word_1_816' title='bbox 3536 5403 3642 5460; x_wconf 87' lang='lat' dir='ltr'><strong>sed</strong></span> <span class='ocrx_word' id='word_1_817' title='bbox 3675 5402 3850 5476; x_wconf 74' lang='lat' dir='ltr'><strong>perite</strong></span> 
     </span>
    </p>
   </div>
   <div class='ocr_carea' id='block_1_115' title="bbox 402 5528 2288 5606">
    <p class='ocr_par' dir='ltr' id='par_1_115' title="bbox 402 5528 2288 5606">
     <span class='ocr_line' id='line_1_115' title="bbox 402 5528 2288 5606; baseline 0.001 -15"><span class='ocrx_word' id='word_1_818' title='bbox 402 5543 408 5549; x_wconf 84' lang='lat'>&#39;</span> <span class='ocrx_word' id='word_1_819' title='bbox 449 5528 532 5606; x_wconf 46' lang='grc' dir='ltr'><strong>ω’</strong></span> <span class='ocrx_word' id='word_1_820' title='bbox 559 5531 734 5606; x_wconf 45' lang='lat' dir='ltr'><strong>«Hebr.</strong></span> <span class='ocrx_word' id='word_1_821' title='bbox 760 5553 872 5602; x_wconf 69' lang='lat' dir='ltr'><strong>xlv,</strong></span> <span class='ocrx_word' id='word_1_822' title='bbox 912 5537 1088 5592; x_wconf 66' lang='grc'><strong>1416.</strong></span> <span class='ocrx_word' id='word_1_823' title='bbox 1169 5533 1214 5606; x_wconf 54' lang='grc' dir='ltr'><strong>Ψ</strong></span> <span class='ocrx_word' id='word_1_824' title='bbox 1242 5535 1264 5590; x_wconf 87' lang='lat' dir='ltr'><strong>l</strong></span> <span class='ocrx_word' id='word_1_825' title='bbox 1297 5535 1424 5590; x_wconf 86' lang='lat' dir='ltr'><strong>Cor.</strong></span> <span class='ocrx_word' id='word_1_826' title='bbox 1459 5553 1549 5603; x_wconf 80' lang='lat' dir='ltr'><strong>xv,</strong></span> <span class='ocrx_word' id='word_1_827' title='bbox 1580 5535 1668 5590; x_wconf 81' lang='lat'><strong>28.</strong></span> <span class='ocrx_word' id='word_1_828' title='bbox 1749 5538 1788 5572; x_wconf 86' lang='lat'>“</span> <span class='ocrx_word' id='word_1_829' title='bbox 1825 5535 2047 5593; x_wconf 89' lang='lat' dir='ltr'><strong>Coloss.</strong></span> <span class='ocrx_word' id='word_1_830' title='bbox 2085 5552 2168 5606; x_wconf 77' lang='lat' dir='ltr'><strong>nt,</strong></span> <span class='ocrx_word' id='word_1_831' title='bbox 2202 5537 2288 5594; x_wconf 79' lang='lat' dir='ltr'><strong>il.</strong></span> 
     </span>
    </p>
   </div>
   <div class='ocr_carea' id='block_1_116' title="bbox 1164 5602 2073 5680">
    <p class='ocr_par' dir='ltr' id='par_1_116' title="bbox 1164 5603 2073 5675">
     <span class='ocr_line' id='line_1_116' title="bbox 1164 5603 2073 5675; baseline 0.002 -13"><span class='ocrx_word' id='word_1_832' title='bbox 1164 5603 1210 5639; x_wconf 79' lang='grc'>¹⁶</span> <span class='ocrx_word' id='word_1_833' title='bbox 1238 5608 1444 5664; x_wconf 83' lang='lat' dir='ltr'><strong>Matth.</strong></span> <span class='ocrx_word' id='word_1_834' title='bbox 1476 5624 1576 5675; x_wconf 82' lang='lat' dir='ltr'><strong>xu,</strong></span> <span class='ocrx_word' id='word_1_835' title='bbox 1609 5609 1696 5663; x_wconf 84' lang='grc'><strong>34.</strong></span> <span class='ocrx_word' id='word_1_836' title='bbox 1779 5609 1820 5644; x_wconf 77' lang='grc' dir='ltr'><strong><em>ιτ</em></strong></span> <span class='ocrx_word' id='word_1_837' title='bbox 1848 5609 2010 5666; x_wconf 83' lang='lat' dir='ltr'><strong>Joan.</strong></span> <span class='ocrx_word' id='word_1_838' title='bbox 2048 5624 2073 5664; x_wconf 68' lang='grc' dir='ltr'><strong><em>ις</em></strong></span> 
     </span>
    </p>
   </div>
   <div class='ocr_carea' id='block_1_117' title="bbox 2186 5602 3852 5680">
    <p class='ocr_par' dir='ltr' id='par_1_117' title="bbox 2186 5602 3852 5680">
     <span class='ocr_line' id='line_1_117' title="bbox 2186 5602 3852 5680; baseline -0.005 -16"><span class='ocrx_word' id='word_1_839' title='bbox 2186 5610 2290 5680; x_wconf 76' lang='grc' dir='ltr'><strong>ι,5.</strong></span> <span class='ocrx_word' id='word_1_840' title='bbox 2368 5605 2414 5644; x_wconf 71' lang='grc' dir='ltr'>η</span> <span class='ocrx_word' id='word_1_841' title='bbox 2469 5602 2839 5679; x_wconf 54' lang='lat' dir='ltr'><strong>Matthxtx,</strong></span> <span class='ocrx_word' id='word_1_842' title='bbox 2902 5605 3078 5662; x_wconf 62' lang='lat'><strong>24-26.</strong></span> <span class='ocrx_word' id='word_1_843' title='bbox 3153 5603 3317 5660; x_wconf 84' lang='lat' dir='ltr'><strong>Joan.</strong></span> <span class='ocrx_word' id='word_1_844' title='bbox 3379 5617 3503 5675; x_wconf 74' lang='lat' dir='ltr'><strong>xvi,</strong></span> <span class='ocrx_word' id='word_1_845' title='bbox 3571 5602 3680 5673; x_wconf 73' lang='lat'><strong>15;</strong></span> <span class='ocrx_word' id='word_1_846' title='bbox 3731 5616 3852 5672; x_wconf 68' lang='grc' dir='ltr'><strong>ινα,</strong></span> 
     </span>
    </p>
   </div>
   <div class='ocr_carea' id='block_1_118' title="bbox 2367 5529 3848 5606">
    <p class='ocr_par' dir='ltr' id='par_1_118' title="bbox 2367 5529 3848 5606">
     <span class='ocr_line' id='line_1_118' title="bbox 2367 5529 3848 5606; baseline -0.007 -13"><span class='ocrx_word' id='word_1_847' title='bbox 2367 5533 2413 5606; x_wconf 60' lang='grc' dir='ltr'>υ</span> <span class='ocrx_word' id='word_1_848' title='bbox 2447 5536 2616 5593; x_wconf 87' lang='lat' dir='ltr'><strong>Joan.</strong></span> <span class='ocrx_word' id='word_1_849' title='bbox 2648 5552 2701 5606; x_wconf 77' lang='grc' dir='ltr'><strong>γ,</strong></span> <span class='ocrx_word' id='word_1_850' title='bbox 2737 5537 2822 5591; x_wconf 74' lang='lat' dir='ltr'><strong>t9.</strong></span> <span class='ocrx_word' id='word_1_851' title='bbox 2900 5534 2947 5570; x_wconf 84' lang='grc'>¹⁸</span> <span class='ocrx_word' id='word_1_852' title='bbox 2975 5533 3133 5606; x_wconf 68' lang='lat' dir='ltr'><strong>matt.</strong></span> <span class='ocrx_word' id='word_1_853' title='bbox 3162 5547 3219 5606; x_wconf 55' lang='grc' dir='ltr'><strong>γ,</strong></span> <span class='ocrx_word' id='word_1_854' title='bbox 3257 5532 3340 5586; x_wconf 70' lang='grc'><strong>14.</strong></span> <span class='ocrx_word' id='word_1_855' title='bbox 3421 5529 3472 5566; x_wconf 70' lang='grc'><strong>⁸⁸</strong></span> <span class='ocrx_word' id='word_1_856' title='bbox 3517 5529 3727 5606; x_wconf 77' lang='lat' dir='ltr'><strong>Matth.</strong></span> <span class='ocrx_word' id='word_1_857' title='bbox 3783 5545 3848 5593; x_wconf 77' lang='lat' dir='ltr'><strong>ix,</strong></span> 
     </span>
    </p>
   </div>
  </div>
