4090 6192
314 424 465 488 1437

1632 421 1752 482 ‘TH
1763 417 2046 484 ESAURI
2074 420 2223 480 LIB.
2272 418 2342 480 ν.

3563 420 3719 482 M38

308 564 365 615 et
397 555 734 631 imperioso,
768 526 856 612 vel
886 544 1173 626 ut'magis
1197 554 1431 629 proprie
1452 553 1682 626 loquar,
1706 527 1952 626 paterae
1985 554 2039 620 Α
2068 550 2180 608 hoc
2206 550 2456 608 credat?
2484 554 2815 622 prtesertim
2846 569 2978 610 cum
3009 555 3220 611 horum
3245 570 3479 626 quoque
3508 551 3719 609 verbo-

307 647 537 721 perﬁcit
560 647 587 702 '?
615 636 694 702 Eo
727 648 886 702 enim
919 663 1093 702 sensu
1125 645 1320 702 locum
1355 645 1525 700 illum
1567 643 1813 715 accipio,
1846 658 1962 714 quo

314 757 446 813 qua:
476 757 511 796 a
548 742 720 796 Patre
756 741 926 809 fiunt,
958 756 1028 795 ea
1057 740 1332 796 similiter
1356 757 1391 796 a
1419 739 1564 795 Filie
1590 738 1715 794 fieri
1750 737 1963 793 dicun-

317 834 434 893 tur,
493 831 576 887 ita
632 836 695 886 ut
754 847 873 886 non
931 846 1137 885 eorum
1196 847 1327 901 qum
1399 830 1553 885 ﬁunt
1609 826 1960 893 similitudo,

318 919 421 975 sed
453 920 657 975 eadem
692 924 950 990 potestas
1001 926 1059 975 et
1105 919 1358 992 dignitas
1404 919 1783 989 significetur.
1838 921 1961 981 Quo

318 1024 498 1063 sensu
528 1008 705 1063 etiam
737 1014 795 1063 et
823 1009 936 1064 hoc
967 1008 1379 1080 accipiendum
1404 1013 1511 1075 est,
1544 1007 1617 1061 ad
1639 1005 1749 1061 hoc
1770 1020 1962 1076 usque

312 1100 542 1167 tempus
567 1101 625 1151 et
658 1095 889 1151 Patrem
922 1101 982 1151 et
1004 1096 1215 1151 Filium
1248 1096 1478 1167 operari
1508 1114 1523 1151 :
1553 1112 1663 1150 nec
1703 1094 1814 1149 hoc
1863 1109 1963 1148 so-

310 1184 456 1254 lum,
482 1183 588 1241 sed
611 1201 815 1241 eorum
844 1185 1021 1240 etiam
1046 1202 1177 1257 quas
1200 1185 1471 1242 fecerunt
1493 1184 1960 1240 moderationem

310 1278 371 1328 et
399 1273 933 1337 conservationem,
966 1279 1032 1330 ut
1061 1274 1254 1330 verbis
1286 1274 1406 1329 illis
1454 1273 1751 1329 indicatur
1788 1290 1800 1327 :
1848 1273 1960 1327 Fa-

311 1378 430 1417 cere
459 1362 682 1432 angelos
710 1379 834 1420 suos
862 1365 1089 1435 spiritus
1121 1363 1187 1419 '3.
1245 1366 1413 1433 Item,
1468 1365 1710 1433 fundare
1756 1370 1961 1418 terram

311 1468 477 1523 super
497 1453 856 1509 stabilitatem
885 1455 1001 1525 ejus
1031 1452 1100 1523 ³³,
1129 1471 1263 1510 cum
1308 1453 1493 1510 semel
1542 1459 1602 1510 et
1646 1454 1772 1509 haec
1823 1454 1960 1508 fun-

309 1540 467 1604 data.
504 1547 562 1597 et
591 1540 677 1597 illi
708 1542 847 1598 facti
881 1542 1020 1599 sint.
1054 1544 1200 1599 Item
1228 1542 1543 1601 :‘Fm-mari
1586 1545 1876 1611 tonitrum,
1907 1548 1960 1597 et

309 1630 491 1687 creari
511 1632 782 1702 Spiritum
803 1631 851 1666 ³⁴
876 1653 892 1698 ς
926 1649 1178 1704 quorum
1200 1633 1351 1688 ratio
1372 1649 1504 1689 cum
1523 1632 1704 1689 semel
1727 1632 1961 1687 exstite-

306 1719 406 1788 rit,
439 1721 724 1777 continua
755 1727 952 1777 tamen
982 1721 1306 1778 etiamnum
1339 1722 1605 1793 operatio
1638 1727 1856 1777 manet.

951 1828 1105 1883 CAP.
1148 1828 1305 1883 LXV.

302 1917 368 1971 In
401 1916 587 1971 illud:
621 1938 649 1966 «
694 1918 957 1972 Descendi
985 1934 1012 1972 e
1050 1919 1202 1985 easta,
1254 1933 1362 1972 non
1419 1925 1481 1973 ut
1506 1920 1713 1988 faciam
1761 1918 1955 1974 volun-
1988 1912 2033 1978 Β

375 1996 543 2113 ῑῗίειη
572 2005 747 2044 meam
778 1989 843 2046 π.
878 2010 907 2039 ››
938 1990 1022 2044 Ex
1062 1990 1249 2045 eadem
1295 1992 1471 2045 sancti
1527 1992 1777 2061 Gregorii
1827 2007 1955 2046 ora-

375 2066 539 2113 tone.

372 2066 539 2115 tione.

366 2150 455 2204 49.
485 2149 814 2221 Septimum
843 2156 1214 2222 pr0ponatur
1239 2167 1253 2206 :
1278 2151 1661 2207 Descendisse
1686 2151 1757 2207 de
1807 2150 1953 2206 caalo

298 2238 513 2294 Filium
539 2256 659 2294 non
691 2246 757 2295 ut
786 2239 1148 2295 voluntatem
1173 2256 1339 2296 suam
1363 2241 1564 2308 faciat,
1587 2257 1790 2296 verum
1822 2240 1951 2311 ejus

302 2342 336 2381 a
367 2344 484 2398 quo
519 2328 736 2384 missus
769 2335 877 2384 est.
913 2330 1081 2384 Certe
1115 2331 1229 2386 nisi
1262 2331 1389 2386 haec
1442 2332 1849 2403 proferrentur
1877 2331 1949 2386 ab

301 2432 369 2471 eo
402 2418 502 2487 qui
527 2417 855 2485 descendit,
878 2419 1077 2475 dicere
1099 2436 1408 2490 possemus
1430 2437 1769 2476 sermonem
1793 2421 1951 2477 hunc

298 2504 543 2560 formari
578 2511 863 2576 tanquam
895 2507 967 2562 ab
1000 2507 1267 2564 homine.
1302 2524 1422 2562 non
1456 2524 1524 2564 eo
1556 2509 1654 2579 qui
1680 2509 1951 2566 Servator

295 2593 686 2666 intelligatur,
726 2596 898 2667 cujus
928 2595 1200 2651 voluntas
1248 2598 1367 2652 Deo
1424 2599 1770 2669 neutiquam
1804 2615 1945 2654 con-

292 2684 480 2739 traria
510 2684 607 2753 sit,
640 2685 856 2757 quippe
888 2702 1019 2756 quae
1051 2691 1171 2741 tota
1200 2684 1397 2742 divina
1426 2688 1696 2751 evaserit,
1741 2688 1844 2743 sed
1876 2704 1944 2744 eo

295 2774 395 2844 qui
429 2772 601 2828 nobis
633 2774 846 2829 similis
878 2775 991 2841 sit;
1025 2776 1241 2848 quippe
1269 2793 1403 2833 cum
1455 2778 1705 2833 humana
1735 2777 1942 2834 volun-

296 2867 388 2916 tas
416 2878 534 2917 non
568 2862 815 2918 omnino
846 2863 963 2917 Deo
992 2863 1339 2927 subserviat.
1368 2864 1471 2920 sed
1494 2881 1756 2938 persmpe
1778 2883 1946 2938 repu-

291 2955 450 3022 gnet,
510 2955 685 3021 atque
745 2950 804 3005 in
861 2953 1225 3008 contrarium
1284 2954 1529 3010 nitatur.
1586 2956 1703 3011 Hoc
1782 2955 1943 3011 enim

293 3054 470 3094 sensu
502 3038 698 3094 locum
731 3039 903 3095 illum
952 3042 1290 3114 accepimus
1324 3059 1337 3098 :
1387 3045 1569 3110 Pater,
1602 3047 1649 3099 si
1686 3047 1810 3115 ﬁeri
1830 3061 1940 3116 po-

291 3134 413 3195 test,
448 3133 694 3184 transeat
716 3147 745 3182 u
778 3146 864 3184 me
894 3129 1047 3186 calix
1076 3134 1217 3195 iste;
1246 3140 1620 3189 verumtamen
1649 3150 1759 3190 non
1792 3134 1942 3206 quod

290 3234 392 3287 ego
419 3219 561 3285 volo,
594 3220 695 3274 sed
731 3226 824 3274 tua
854 3219 1111 3275 voluntas
1152 3221 1465 3292 praevaleat
1494 3222 1559 3280 ²⁶.
1609 3225 1725 3279 Nec
1779 3225 1936 3280 enim

2071 658 2207 697 rum
2237 658 2571 697 sermonem
2606 644 2705 715 qui
2764 643 3021 705 auditur.
3072 659 3190 700 non
3239 661 3366 700 esse
3410 643 3562 708 Fllii,
3613 642 3717 699 sed

2070 730 2284 799 Patris,
2307 730 2461 786 idem
2490 732 2815 790 sitsensus.
2840 734 2948 799 Qui
2972 732 3072 789 flat
3094 735 3345 801 enim,ut
3370 734 3527 804 quod
3554 749 3712 788 com-

2072 836 2251 873 mune
2283 827 2390 881 est.
2425 819 2601 876 ullius
2631 823 2885 878 soliusve
2926 823 3221 894 peculiare
3274 823 3369 878 sit.
3422 824 3539 878 Hoc
3588 822 3715 895 ple-

2071 923 2321 979 rumque
2353 909 2741 965 considerans
2771 912 3101 985 intelligere
3132 929 3252 967 non
3304 928 3569 982 possum,
3602 926 3711 966 nec

2069 996 2245 1064 alius,
2281 1013 2413 1053 mea
2444 999 2678 1069 quidem
2703 1002 3019 1070 sententia,
3060 1001 3392 1073 intelligere
3424 1007 3620 1071 queat.
3654 999 3710 1054 Si

2069 1085 2180 1145 hoc
2211 1103 2387 1142 sensu
2417 1088 2777 1144 voluntatem
2813 1090 3130 1159 intelligas,
3153 1096 3308 1146 recte
3355 1089 3710 1144 admodum-

2069 1191 2182 1246 que
2216 1176 2311 1246 pie
2344 1176 2672 1251 intelliges:
2705 1186 2882 1250 prout
2911 1196 3062 1250 mea,
3096 1185 3154 1235 et
3186 1178 3476 1251 cujusque
3510 1178 3715 1235 ortho-

2069 1263 2227 1333 doxi,
2260 1267 2553 1322 sententia
2583 1266 2715 1323 fert.

2692 1394 2850 1450 CAP.
2894 1394 3079 1450 LXVI.

2067 1516 2153 1571 Dx
2177 1516 2361 1572 eadem
2394 1516 2540 1572 brati
2570 1518 2904 1575 Nazianzeni
2931 1523 3196 1587 oratione,
3249 1522 3308 1575 in
3356 1518 3539 1576 illud:
3572 1540 3599 1571 «
3643 1520 3710 1577 Ut

2332 1598 2657 1658 cognoscant
2689 1598 2741 1645 te
2766 1592 2940 1647 solum
2968 1608 3155 1647 verum
3192 1593 3374 1648 Deum.
3410 1614 3440 1642 »

2137 1696 2225 1749 50.
2258 1695 2535 1750 Octavum
2570 1698 2679 1750 hoc
2708 1696 2828 1752 illis
2860 1703 2949 1752 est
2987 1715 3000 1753 :
3039 1701 3104 1754 Ut
3149 1705 3477 1769 cognosvant
3528 1706 3580 1754 te
3625 1714 3710 1755 so-

2068 1783 2179 1838 lum
2205 1800 2391 1839 rerum
2422 1787 2606 1850 Deum,
2636 1793 2686 1840 et
2723 1802 2883 1856 quem
2919 1789 3116 1843 misisti
3134 1790 3312 1843 Jesum
3338 1789 3616 1843 Christum
3647 1788 3712 1854 “,

2068 1877 2125 1928 et
2154 1875 2283 1939 hoc,
2319 1876 2481 1929 Nemo
2522 1875 2692 1929 bonus
2743 1875 2854 1930 nisi
2900 1893 3040 1933 unus
3085 1879 3220 1934 Dcus
3250 1878 3313 1932 ’9.
3350 1878 3534 1949 HUJIIS
3564 1894 3716 1949 quo-

2065 1979 2179 2035 que
2211 1964 2472 2035 scrupuli
2506 1964 2791 2020 facillima
2820 1966 2966 2019 mihi
3001 1967 3218 2022 solutio
3269 1967 3518 2024 videtur.
3567 1968 3713 2023 Nam

2064 2052 2113 2107 si
2145 2052 2335 2107 solum
2369 2068 2570 2107 verum
2596 2052 2666 2107 de
2697 2053 2867 2107 Patre
2895 2053 3710 2127 intelligas,ubinam,qua2so.

2064 2144 2382 2199 Veritatem
2408 2143 2593 2214 ipsam
2616 2144 2974 2200 collocabis?
2993 2147 3133 2200 Nam
3153 2146 3199 2200 si
3222 2145 3330 2201 hoc
3344 2162 3523 2201 sensu
3537 2146 3711 2201 verba

2060 2231 2186 2288 haec
2213 2250 2225 2288 :
2251 2233 2367 2289 Soli
2397 2235 2641 2303 sapienti
2673 2235 2777 2290 Deo
2809 2233 2876 2301 ⁸ο,
2901 2234 3020 2290 Soli
3048 2235 3352 2290 immortali
3374 2236 3442 2304 ³⁸,
3467 2242 3516 2290 et
3541 2234 3713 2290 lucem

2061 2323 2390 2377 inacressam
2420 2322 2707 2377 habitanti
2725 2322 2792 2391 ³³,
2816 2328 2916 2379 aut
2939 2322 3075 2393 Regi
3101 2324 3425 2379 saeculorum
3459 2326 3711 2378 incorru-

2054 2414 2273 2483 ptibili.
2323 2412 2616 2480 invisibili,
2667 2415 2774 2469 soli
2819 2414 3071 2486 sapienti
3134 2416 3240 2471 Deo
3286 2414 3332 2449 ³⁸
3387 2414 3709 2486 intelligas,

2062 2500 2238 2556 Filius
2272 2501 2369 2573 qui
2402 2508 2595 2557 morte
2628 2502 2912 2559 multatus
2958 2509 3048 2559 est
3094 2504 3196 2559 tibi
3242 2503 3465 2571 efﬂuet,
3516 2504 3599 2559 ila
3647 2510 3712 2559 ut

2056 2589 2149 2644 vel
2180 2591 2368 2663 caligo
2402 2592 2498 2656 sit,
2531 2591 2618 2646 vel
2649 2608 2768 2648 non
2802 2593 3064 2663 sapiens,
3097 2608 3290 2663 neque
3320 2594 3460 2655 Rex,
3514 2608 3709 2664 neque

2057 2678 2394 2747 invisibilis,
2426 2697 2620 2752 neque
2650 2682 2894 2737 omnino
2934 2682 3108 2751 Deus,
3163 2682 3323 2753 quod
3372 2682 3705 2738 antedicto-

2055 2785 2187 2823 rum
2219 2776 2397 2841 caput
2426 2777 2516 2825 est
2567 2771 2672 2835 Qui
2706 2788 2842 2827 vero
2883 2772 3000 2839 fiet,
3036 2778 3101 2827 ut
3146 2787 3278 2827 cum
3314 2772 3546 2827 caeteris
3594 2773 3701 2827 ho-

2054 2857 2301 2914 nitatem
2336 2877 2574 2931 quoque
2609 2862 2862 2917 maxime
2904 2861 3012 2918 soli
3064 2862 3182 2917 Deo
3230 2862 3530 2934 propriam
3582 2877 3703 2918 non

2051 2949 2331 3005 amittat?
2357 2951 2876 3007 Verumenimvero
2898 2951 3074 3008 verba
3098 2950 3214 3018 illa,
3270 2953 3337 3007 Ut
3374 2959 3703 3021 cognoscant

2052 3043 2101 3093 te
2132 3039 2304 3094 solum
2344 3056 2536 3095 vemm
2585 3042 2775 3112 Deum,
2825 3041 2907 3096 sic
2958 3041 3114 3099 dicta
3169 3039 3463 3107 existimo,
3514 3047 3580 3097 ut
3626 3040 3700 3097 ad

2053 3147 2254 3187 eorum
2279 3132 2381 3203 qui
2412 3132 2491 3187 dii
2525 3149 2645 3187 non
2677 3139 2816 3188 sunt
2845 3133 3176 3205 quamlibet
3213 3133 3486 3189 dicantur
3514 3133 3701 3189 inter-

2050 3220 2384 3277 necionem.
2446 3223 2759 3293 Nunquam
2820 3222 2979 3278 enim
3025 3223 3172 3278 alias
3231 3222 3580 3288 addidisset,
3641 3227 3701 3278 et

289 3284 758 3363 consentaneum
794 3313 903 3377 est,
936 3314 1002 3364 ut
1030 3284 1316 3381 ignorarit
1341 3311 1441 3366 ille
1468 3329 1542 3368 an
1575 3312 1631 3366 id
1659 3314 1786 3368 fieri
1814 3331 1942 3385 pos-
1970 3284 2016 3349 θ
2054 3327 2210 3380 quem
2233 3313 2430 3365 misisti
2449 3284 2631 3366 Jesum
2654 3312 2954 3380 Christum,
2988 3312 3036 3366 si
3069 3312 3140 3367 ad
3172 3311 3339 3367 illum
3364 3311 3542 3367 verba
3565 3284 3697 3367 hinc

292 3401 382 3450 sat
410 3412 622 3463 necne,
664 3411 775 3452 nec
823 3396 1185 3453 voluntatem
1234 3399 1519 3455 voluntati
1571 3403 1937 3474 opposuerit.

284 3484 433 3549 Quia
462 3501 598 3538 vero
630 3500 700 3539 ea
728 3484 908 3541 verba
939 3502 1069 3557 eJus
1101 3492 1261 3556 sunt,
1294 3489 1395 3560 qui
1427 3506 1667 3545 carnem
1706 3508 1940 3548 assum-

286 3575 427 3645 psit.
460 3573 618 3644 quod
651 3573 811 3628 enim
843 3574 1152 3631 descendit
1180 3594 1317 3633 caro
1345 3586 1651 3653 assumpta
1672 3597 1791 3636 non
1819 3586 1936 3636 est:

287 3662 371 3717 ita
400 3663 714 3733 quaestioni
750 3680 1135 3721 occuaremus
1166 3667 1277 3722 hoc
1308 3667 1757 3742 intelligendum
1783 3687 1936 3736 esse,

291 3768 414 3806 non
448 3758 728 3823 tanquam
760 3754 1000 3826 prapria
1027 3755 1175 3811 Filio
1207 3757 1478 3813 voluntas
1508 3759 1743 3831 aliaque
1772 3777 1804 3816 a
1827 3761 1938 3815 Pa—

287 3840 396 3895 tris
425 3841 730 3897 voluntate
761 3843 857 3911 sit,
882 3843 986 3898 sed
1005 3849 1285 3916 tanquam
1308 3862 1429 3901 non
1458 3848 1628 3909 sit.ut
1649 3850 1771 3904 haec
1794 3849 1935 3903 inde

282 3938 770 4003 consequantur:
805 3934 929 3988 Non
957 3939 1023 3988 ut
1051 3934 1264 3990 faciam
1321 3936 1681 3992 voluntatem
1716 3953 1932 4000 meam,

280 4035 414 4073 mea
445 4022 605 4075 enim
638 4037 666 4075 a
698 4027 802 4074 tua
832 4022 1104 4090 sejuncta
1134 4039 1254 4077 non
1287 4030 1377 4077 est
1407 4041 1422 4085 ;
1476 4024 1581 4077 sed
1620 4040 1750 4078 eam
1802 4040 1934 4094 quas

284 4106 389 4161 tibi
421 4111 479 4161 et
510 4107 655 4162 mihi
687 4109 1025 4162 communis
1057 4114 1169 4177 est,
1202 4126 1454 4179 quorum
1488 4115 1553 4164 ut
1583 4127 1703 4167 una
1733 4117 1821 4166 est
1852 4111 1938 4166 di-

282 4195 518 4260 vinitas,
551 4196 634 4251 ita
664 4200 721 4250 et
750 4194 1043 4251 voluntas.

357 4286 658 4357 Siquidem
692 4286 972 4359 pleraque
1012 4288 1412 4344 communiter
1452 4290 1565 4347 hoc
1620 4296 1791 4364 pacto
1839 4291 1932 4347 di-

283 4382 521 4444 cuntur,
564 4392 686 4431 non
744 4375 1118 4440 allirmative,
1168 4384 1230 4434 at
1285 4379 1577 4449 negative,
1628 4386 1692 4436 ut
1745 4380 1930 4436 illud:

281 4467 403 4521 Non
433 4468 576 4522 enim
607 4466 683 4521 ad
712 4482 1025 4523 mensuram
1064 4469 1204 4524 Deus
1242 4468 1516 4539 Spiritum
1561 4470 1660 4525 dat
1710 4469 1777 4537 ετ,
1822 4486 1931 4526 nec

279 4555 438 4611 enim
472 4555 592 4625 dat,
626 4572 736 4612 nec
767 4556 841 4612 ad
866 4572 1223 4613 mensuram.
1249 4559 1394 4613 Nam
1427 4560 1609 4615 Deum
1631 4561 1786 4616 Deus
1808 4577 1928 4616 non

2052 3399 2228 3455 solum
2256 3416 2442 3455 rerum
2489 3399 2810 3468 retulisset,
2873 3408 2934 3456 at
2976 3417 3096 3456 non
3148 3401 3220 3456 de
3268 3401 3576 3456 divinitate
3635 3400 3697 3455 in

2053 3505 2371 3545 commune
2402 3490 2636 3545 locutus
2659 3496 2833 3545 esset.
2869 3492 3158 3544 Caeterum
3206 3489 3382 3544 verba
3426 3489 3566 3544 illa:
3603 3491 3698 3545 Ne-

2051 3594 2158 3638 mo.
2182 3578 2370 3645 bonus,
2396 3578 2845 3650 occupationem
2868 3578 3198 3645 continent,
3219 3595 3335 3649 qua
3358 3577 3696 3649 legisperito

2052 3667 2288 3723 cuidam
2321 3668 2570 3724 tentanti
2605 3686 2667 3724 se
2698 3668 2966 3723 Christus
2997 3667 3275 3733 occurrit,
3299 3666 3531 3736 sibique
3562 3681 3701 3735 qua-

2050 3761 2224 3812 tenus
2255 3757 2435 3812 homo
2477 3762 2635 3812 esset
2681 3756 3007 3810 bonitatem
3066 3755 3351 3809 tribuenti
3388 3770 3401 3807 :
3454 3754 3693 3809 Summe

2048 3843 2291 3910 bonum,
2325 3846 2542 3915 inquit,
2575 3843 2762 3898 solius
2796 3842 2894 3896 Dei
2929 3842 3437 3913 est,quamvishoc
3459 3858 3694 3914 quoque

2048 3934 2293 3988 nomine
2324 3937 2641 3987 censeatur
2670 3930 2885 3991 homo:
2919 3930 3078 3987 unde
3109 3929 3288 3986 illud:
3324 3934 3503 3987 Bonus
3533 3933 3691 3989 homo

2046 4038 2116 4077 ea:
2137 4022 2273 4076 bono
2305 4021 2560 4075 thesauro
2580 4022 2798 4090 profert
2829 4021 3028 4075 bonum
3055 4019 3120 4074 ³⁴.
3176 4020 3320 4076 item
3355 4037 3369 4076 :
3422 4022 3567 4079 Dabo
3607 4040 3690 4078 re-

2046 4126 2216 4181 gnum
2247 4110 2385 4164 bono
2414 4125 2580 4179 super
2605 4117 2657 4164 te
2687 4110 2751 4164 ³⁸.
2790 4108 2976 4165 Verba
3007 4109 3107 4165 Dei
3149 4117 3288 4165 sunt
3329 4110 3404 4166 ad
3453 4111 3687 4169 Saulem

2046 4201 2118 4257 de
2150 4200 2365 4256 Davide
2420 4202 2565 4256 Item
2599 4200 2784 4257 illud:
2837 4202 3096 4270 Bene/ac,
3142 4203 3389 4263 Domine.
3442 4204 3593 4259 bonis
3621 4205 3687 4273 ³⁸,

2046 4296 2105 4346 et
2134 4296 2347 4346 caetera
2376 4290 2436 4345 id
2466 4306 2655 4363 genus
2685 4306 3055 4363 quascunque
3086 4291 3368 4347 dicuntur
3386 4292 3457 4348 de
3480 4294 3554 4348 iis
3584 4293 3686 4364 qui

2043 4380 2201 4437 inter
2231 4397 2340 4436 nos
2371 4380 2649 4437 laudibus
2679 4383 3027 4449 efferuntur,
3058 4381 3118 4435 in
3152 4398 3300 4453 quos
3340 4383 3514 4454 primi
3546 4382 3687 4439 boni

2044 4467 2324 4536 deﬂuxio,
2351 4467 2443 4524 vel
2474 4468 2734 4525 secunda
2764 4469 3017 4526 ratione.
3051 4468 3352 4525 derivavit.
3385 4470 3589 4541 Itaque
3637 4470 3688 4525 si

2040 4557 2308 4630 persuasi
2342 4575 2569 4620 sumus.
2619 4558 2910 4631 optimum
2962 4564 3087 4614 est:
3139 4558 3230 4614 sin
3279 4559 3491 4623 minus,
3543 4556 3687 4631 quid

277 4646 522 4701 metitur
584 4651 727 4701 Item
757 4645 902 4701 illud
938 4663 951 4701 :
1005 4649 1203 4717 Neque
1235 4654 1544 4720 peccatum
1579 4666 1797 4715 meum,
1831 4667 1930 4706 ne-
1963 4649 2007 4714 D
2040 4646 2431 4719 respondebis
2464 4647 2536 4703 iis
2568 4648 2669 4719 qui
2695 4653 3043 4721 argumenta
3071 4653 3173 4704 tua
3224 4647 3431 4717 seculi,
3472 4648 3685 4705 Filium

282 4751 396 4805 que
420 4735 702 4806 iniquitas
730 4751 884 4804 mea,
917 4736 1001 4791 sic
1033 4736 1192 4793 enim
1220 4737 1691 4811 intelligendum.
1723 4756 1841 4794 non
1865 4745 1931 4795 ut

273 4823 439 4893 insit,
474 4825 577 4880 sed
602 4831 668 4881 ut
693 4842 812 4881 non
839 4825 998 4881 insit.
1030 4827 1177 4882 Item
1203 4843 1216 4882 :
1250 4829 1375 4883 Non
1397 4835 1641 4901 prOpter
1661 4828 1927 4902 justitias

275 4921 533 4982 nostras,
566 4930 712 4985 quas
741 4914 1027 4982 fecimus;
1059 4932 1166 4971 nec
1211 4917 1371 4972 enim
1423 4918 1693 4974 fecimus.
1744 4920 1925 4974 Porro

271 5004 651 5076 perspicuum
680 5005 791 5060 hoc
824 5012 913 5060 est
960 5022 1031 5061 ex
1080 5008 1487 5078 sequentibus.
1538 5009 1716 5074 Quam
1766 5009 1924 5064 enim

272 5109 402 5148 esse
439 5093 635 5165 inquit
664 5094 1029 5151 voluntatem
1060 5096 1252 5152 Patris
1278 5096 1305 5151 ‘I
1346 5098 1416 5152 Ut
1438 5097 1634 5152 omnis
1664 5098 1765 5169 qui
1797 5114 1922 5153 cre-

271 5181 359 5236 dit
387 5182 447 5236 in
488 5182 696 5237 Filium
728 5190 1013 5250 servetur,
1068 5186 1481 5258 particepsque
1515 5186 1618 5241 fiat
1643 5192 1923 5242 extremm

262 5273 875 5341 -resurrectionis,sive
900 5275 1412 5331 restitutionis.An
1430 5291 1567 5342 ergo
1589 5276 1715 5330 haec
1734 5276 1923 5331 Patris

272 5367 359 5416 est
379 5360 667 5426 voluntas,
695 5363 829 5417 Filii
856 5379 990 5419 vero
1012 5380 1133 5419 non
1156 5365 1298 5419 item
1320 5365 1349 5420 ‘2
1378 5372 1479 5421 aut
1500 5371 1716 5437 prmter
1735 5367 1918 5421 animi

268 5448 628 5505 voluntatem
659 5451 1053 5507 annuntiatur
1082 5456 1140 5508 et
1165 5452 1427 5508 creditur
1449 5452 1478 5508 ‘t
1534 5454 1675 5520 Quis
1720 5460 1921 5511 autem

334 5576 488 5656 Psal.
526 5580 723 5656 0111,}.
774 5649 779 5654 ’
875 5579 1096 5656 9’lbid.
1131 5584 1183 5637 ὅ.
1270 5651 1311 5656 μ
1334 5581 1379 5656 'f
1409 5580 1553 5637 Ibid.
1589 5586 1676 5654 25,
1709 5586 1797 5656 30.

261 5665 345 5717 ιιι,
558 5647 665 5733 ηιξ
680 5649 861 5733 ipsa.
895 5650 1033 5733 xvii,
1067 5653 1165 5733 3.__
1201 5651 1479 5733 --νέμω
1513 5647 1674 5733 xviii,
1727 5655 1813 5733 lg.

260 5738 332 5789 vi,
368 5721 452 5777 16.
557 5718 652 5778 ³³1
680 5721 827 5780 Tim.
862 5739 898 5779 ι.
936 5718 1027 5781 t7.
1123 5723 1169 5761 ⁹⁴
1201 5725 1400 5782 Matth.
1430 5736 1532 5798 xu,
1565 5728 1652 5783 35.

260 5791 308 5833 ³⁸
337 5790 487 5855 Ibid.
517 5792 606 5851 38.

1950 5583 2001 5619 ³⁵
2048 5586 2215 5642 Joan.
2267 5603 2340 5655 vr,
2391 5588 2479 5649 38,

1966 5656 2012 5692 ⁸ο
2055 5659 2222 5715 Rom.
2273 5674 2387 5726 xv1,
2439 5658 2529 5713 27.
2587 5659 2594 5666 ’

1757 5727 1854 5783 ³⁵1
1910 5729 2046 5802 Reg.
2095 5746 2186 5800 xv,
2219 5731 2307 5785 28.

2041 4737 2234 4793 solum
2285 4738 2468 4793 Deum
2513 4737 2737 4793 dictum
2788 4754 2917 4794 esse
2967 4737 3280 4794 astruent?
3328 4738 3685 4810 quibusnam

2038 4825 2233 4882 verbis
2255 4826 2283 4882 ?
2315 4826 2451 4882 His:
2490 4829 2592 4882 llic
2622 4833 2699 4882 est
2731 4827 2873 4882 Deus
2895 4833 3098 4897 noster,
3130 4833 3182 4882 et
3201 4829 3250 4883 ei
3268 4844 3377 4882 non
3399 4844 3683 4899 compara-

2040 4915 2188 4970 bitur
2214 4916 2357 4971 alius
2386 4914 2451 4969 ³⁷.
2485 4917 2553 4970 Et
2585 4918 2760 4987 paulo
2792 4922 2961 4987 post:
2992 4919 3120 4971 Post
3150 4916 3249 4972 hoc
3284 4934 3344 4973 τη
3393 4920 3550 4973 terris
3599 4919 3682 4973 ri-

2035 5021 2124 5062 sus
2154 5012 2253 5069 est,
2285 5011 2336 5059 et
2362 5021 2482 5060 rum
2504 5005 2814 5061 hominibus
2854 5012 3098 5061 versatus
3124 5003 3188 5055 ³⁸.
3223 5004 3307 5060 Ibi
3357 5005 3516 5061 enim
3564 5021 3685 5063 non

2038 5096 2109 5152 de
2141 5097 2311 5152 Patre
2347 5094 2450 5151 sed
2480 5095 2627 5150 Filio
2658 5094 2837 5152 verba
2871 5094 3020 5154 fleri.
3056 5112 3123 5150 ex
3155 5111 3222 5150 eo
3254 5095 3410 5166 quod
3449 5096 3688 5152 additur

2035 5185 2415 5257 perSpicuum
2441 5191 2550 5241 est.
2574 5186 2629 5240 ls
2656 5184 2815 5241 enim
2848 5192 2937 5240 est
2966 5184 3066 5257 qui
3099 5200 3344 5256 corpore
3370 5185 3680 5243 nobiscum

2034 5282 2301 5330 versatus
2332 5280 2421 5330 est
2450 5275 2640 5346 iisque
2671 5275 2950 5341 convixit,
2984 5279 3080 5345 qui
3115 5274 3338 5347 degunt
3375 5274 3435 5331 in
3484 5277 3679 5333 terris.

2034 5364 2201 5427 Quod
2231 5365 2278 5420 si
2301 5365 2535 5420 evicerit
2567 5365 2678 5421 hoc
2707 5364 2781 5420 de
2801 5365 2974 5420 Patre
3003 5364 3138 5420 dici.
3167 5380 3287 5419 non
3337 5364 3410 5419 iis
3441 5366 3542 5436 qui
3602 5364 3682 5421 dii

2033 5461 2372 5521 censentur,
2403 5456 2640 5513 Patrem
2680 5455 2993 5529 amisimus
3031 5455 3296 5527 [iisipsis
3342 5457 3557 5528 quibus
3587 5456 3683 5513 Fi-

2628 5584 2674 5620 ²⁶
2725 5587 2924 5641 Matth.
2985 5603 3136 5652 XXVI,
3188 5587 3275 5643 32.
3423 5587 3467 5624 ²⁴¹
3512 5588 3678 5645 Joan.

2673 5657 2721 5696 ³⁸
2770 5658 2794 5714 Ι
2841 5658 2988 5716 Tim.
3038 5674 3080 5727 ι,
3128 5661 3212 5713 l7.
3359 5657 3408 5696 ³³
3456 5661 3480 5717 Ι
3526 5661 3675 5716 Tim.

2412 5728 2459 5765 ⁸⁸
2500 5728 2660 5788 Psal.
2713 5745 2897 5803 cxxnv,
2926 5732 2983 5787 ι.
3084 5727 3131 5767 ³⁷
3180 5731 3531 5804 Barnch'm,
3584 5733 3676 5807 36,
