4090 6192
375 364 533 427 1439

1700 349 2012 415 NICETE
2050 348 2480 414 CHONIATR

3659 352 3808 412 mo

376 500 525 556 lium
584 495 762 553 tutari
810 490 1270 565 contendimus].
1331 490 1483 557 Quid
1535 492 1733 547 autem
1781 486 2028 543 victoria
2058 489 2111 556 Α
2138 485 2384 544 alterius
2413 485 2747 561 cujuspiam
2777 502 2917 544 caro
2949 489 3099 552 erat,
3122 485 3227 541 sed
3258 484 3455 558 ipsius
3512 485 3723 543 Verbi.
3754 487 3822 542 Et

378 585 725 662 hujusmodi
758 585 1034 642 miserius
1064 587 1166 639 aut
1193 581 1539 638 damnosius
1570 596 1700 637 esse
1732 580 1913 653 queat
1938 577 1965 634 εἴ

998 699 1408 755 οΑΡ.ιΧνη.

378 826 444 881 1n
475 824 667 879 illud:
718 844 745 872 ‹‹
784 822 1008 891 Semper
1062 821 1246 875 vivens
1294 817 1368 872 ad
1422 814 1888 891 interpellandum
1929 827 2038 884 pro

538 896 716 951 nobis.
756 917 782 942 ι»
823 886 1121 948 Εωέηᾱεηι
1153 893 1210 946 8.
1240 890 1573 945 Nazianzeni
1601 886 1875 942 oratione.

459 1007 545 1057 5t.
580 1003 810 1057 Nonum
842 999 954 1054 hoc
1002 997 1263 1067 objicere
1308 1000 1628 1067 poterunt:
1688 993 1911 1063 Semper
1954 992 2042 1046 ri-

381 1108 509 1149 vens
538 1091 612 1146 ad
640 1088 1106 1160 interpellandum
1131 1103 1235 1157 pro
1257 1086 1415 1141 nobis
1444 1082 1509 1139 ’9.
1537 1084 1708 1139 Recte
1736 1098 1902 1148 sane,
1927 1097 2039 1136 nec

391 1182 521 1237 sine
557 1196 767 1255 magno
800 1177 1079 1250 mysterio
1111 1182 1289 1247 atque
1335 1174 1727 1230 humanitate.
1780 1170 2041 1227 Verbum

387 1271 544 1326 enim
574 1267 933 1340 interpellare
964 1282 1083 1322 non
1118 1271 1206 1320 est
1234 1262 1392 1335 quod
1426 1263 1696 1334 plerique
1742 1260 1937 1317 solent
1968 1258 2041 1314 ad

390 1358 744 1433 supplicium
769 1358 1088 1429 deposcere
1114 1356 1259 1421 ;hoc
1283 1354 1442 1409 enim
1466 1352 1551 1408 vel
1570 1351 2042 1423 abjertissimum

389 1457 516 1515 est;
554 1449 656 1505 sed
690 1447 1059 1504 intercedere
1092 1462 1198 1517 pro
1229 1443 1399 1499 nobis
1424 1459 1525 1514 pro
1568 1440 1881 1514 legationis
1913 1455 2039 1494 mu-

386 1556 550 1607 nere,
582 1545 651 1595 ut
703 1538 955 1610 Spiritus
1006 1551 1241 1608 quoque
1289 1550 1394 1606 pro
1443 1531 1617 1588 nobis
1660 1528 2043 1603 interpellare

387 1629 642 1685 dicitur:
684 1629 830 1684 Unus
862 1628 1006 1680 enim
1045 1641 1057 1677 l
1091 1641 1201 1685 cus,
1254 1638 1387 1677 unus
1432 1629 1481 1676 ct
1535 1622 1807 1675 mediator
1847 1620 1943 1674 Dei
1992 1625 2045 1675 et

395 1704 698 1777 hominum.
736 1717 897 1771 homo
924 1717 1075 1769 Iesus
1124 1713 1371 1769 Christus
1400 1711 1465 1764 4°.
1519 1709 1836 1765 lntercedit
1883 1708 2046 1764 enim

398 1808 723 1864 etiamnum
756 1811 820 1861 ut
850 1806 1027 1860 homo
1060 1820 1163 1876 pro
1199 1818 1326 1857 mea
1356 1801 1544 1857 salute
1580 1816 1594 1867 ;
1644 1816 1782 1855 nam
1829 1816 2047 1871 corpus

397 1898 598 1959 habet,
651 1894 809 1968 quod
859 1892 1202 1964 assumpsit,
1254 1890 1443 1947 donec
1489 1897 1807 1961 assumptae
1851 1888 2045 1943 carnis

394 1985 663 2059 potentia
693 1986 875 2040 Deum
910 2000 1005 2038 me
1036 1982 1217 2039 faciat
1255 1997 1267 2036 :
1302 1981 1573 2053 quamvis
1621 1996 1740 2036 non
1790 1978 2044 2051 amplius

393 2075 717 2132 secundum
750 2089 990 2129 carnem
1023 2079 1433 2145 cognoscatur,
1462 2070 2047 2141 carnales,inquam,

394 2166 761 2233 affectiones,
794 2169 852 2218 et
880 2180 947 2218 ea
980 2160 1196 2233 quibus
1249 2159 1488 2216 obnoxii
1541 2175 1766 2226 sumus,
1806 2157 2046 2231 dempto

397 2260 661 2327 peccato.
695 2253 789 2308 Sic
817 2252 1015 2307 Jesum
1051 2267 1286 2322 quoque
1339 2247 1729 2317 Paracletum,
1780 2248 1892 2303 hoc
1938 2253 2047 2315 est,

396 2343 774 2411 advocatum,
811 2340 1098 2397 habemus
1129 2356 1250 2394 non
1284 2338 1438 2410 quod
1478 2355 1583 2409 pro
1632 2337 1802 2392 nobis
1851 2336 2050 2392 servili

392 2449 556 2489 more
587 2432 660 2488 ad
693 2431 882 2487 Patris
912 2428 1094 2502 pedes
1124 2428 1489 2495 advnlvatur,
1520 2434 1577 2481 et
1600 2427 1658 2481 in
1681 2441 1876 2500 genua
1907 2441 2046 2497 pro-

399 2521 661 2579 cumhat.
694 2519 859 2574 Absit
904 2519 1028 2573 haec
1078 2535 1211 2572 vero
1271 2517 1521 2584 servilis,
1568 2515 1906 2588 Spirituque
1958 2513 2051 2568 in-

402 2613 580 2683 digna
610 2609 901 2684 cogitatio
941 2608 1058 2663 Nec
1091 2608 1250 2663 enim
1276 2608 1467 2663 Patris
1490 2607 1704 2662 esthoc
1727 2604 2050 2678 postulare,

402 2718 511 2757 nec
544 2699 669 2755 Filii
701 2706 1004 2772 praestare,
1039 2713 1149 2752 nec
1177 2697 1518 2769 quempiam
1554 2696 1608 2750 id
1638 2696 1709 2750 de
1744 2696 1861 2750 Deo
1894 2692 2052 2766 cogi-

402 2798 525 2849 tare
569 2809 675 2864 par
732 2796 840 2845 est.
890 2790 969 2844 Iis
1012 2805 1151 2843 vero
1206 2804 1337 2858 quas
1394 2803 1499 2858 pro
1549 2786 1721 2842 nobis
1769 2790 1834 2840 ut
1878 2783 2053 2839 homo

397 2898 607 2954 passus
642 2885 752 2947 est,
806 2893 915 2933 nos
964 2877 1307 2932 cohortatur
1353 2882 1631 2947 tanquam
1693 2873 1942 2931 Verbum
2000 2877 2058 2926 et

409 2969 767 3037 admonitor,
808 2973 876 3022 ut
921 2965 1058 3022 forti
1109 2964 1309 3021 animo
1359 2964 1563 3021 simus.
1612 2963 1832 3018 Eodem
1878 2977 2058 3017 sensu

409 3056 555 3113 mihi
591 3056 768 3113 dictio
800 3053 1140 3128 paraclesis,
1172 3055 1284 3111 hoc
1335 3060 1445 3119 est,
1498 3052 1851 3122 exhortatio,
1899 3050 2060 3107 acci-

402 3145 622 3221 pienda
653 3144 902 3203 videtur.

1012 3252 1170 3308 CAP.
1215 3248 1450 3307 LXVIII.

417 3345 501 3399 Ex
531 3343 589 3399 S.
639 3340 840 3414 Cyrilli
868 3342 1089 3412 scriptis
1114 3341 1201 3467 cae
1234 3357 1540 3466 .ptrogressu
1593 3355 1687 3396 seu
1732 3340 2061 3396 incremento

1193 3430 1269 3467 νιδ
1298 3432 1336 3467 ῑ.

1193 3430 1336 3468 νιδιῑ.

486 3522 571 3576 5?.
618 3516 785 3585 Quod
816 3517 876 3572 in
908 3517 1107 3588 aliquo
1135 3518 1391 3589 proficit.
1423 3518 1719 3575 diversum
1754 3519 1826 3576 ab
1875 3535 1944 3576 eo
1975 3523 2067 3575 est

418 3612 479 3669 in
508 3626 627 3682 quo
660 3607 948 3682 proficere
980 3606 1219 3662 dicitur.
1256 3605 1313 3660 Si
1346 3621 1482 3677 ergo
1516 3608 1577 3661 in
1610 3609 1905 3678 sapientia
1932 3625 2067 3680 pro-

422 3706 600 3761 ticere
632 3701 826 3757 dictus
854 3706 946 3757 est
972 3698 1239 3754 Christus
1269 3696 1337 3765 ⁴¹,
1368 3713 1489 3753 non
1510 3697 1803 3768 sapientia
1825 3705 2065 3769 estquae

414 3788 780 3865 proficiebat,
818 3787 922 3844 sed
978 3787 1242 3843 humana
1289 3801 1466 3858 quam
1518 3784 1923 3857 prmtendebat
1966 3784 2068 3842 ille

419 3889 654 3939 natura.
676 3883 820 3937 Cum
844 3880 1003 3935 enim
1023 3879 1300 3935 divinitas
1326 3878 1387 3934 in
1421 3894 1490 3933 eo
1531 3875 1796 3949 quotidie
1844 3876 2067 3933 revela-

417 3978 583 4028 retur
613 3976 670 4026 et
702 3971 1086 4033 elucesceret,
1120 3985 1352 4040 semper
1402 3967 1798 4023 admiratione
1834 3966 2072 4039 dignior

420 4059 825 4132 spectantibus
850 4057 1149 4114 evadebat.
1181 4061 1373 4128 Atque
1392 4056 1488 4112 hic
1511 4073 1721 4113 sensus
1743 4062 1832 4113 est
1857 4056 2071 4113 horum

420 4150 758 4217 verborum,
791 4146 1226 4203 Proficiebatin
1258 4146 1573 4218 sapientia,

950 4271 1206 4344 Ejusdem
1237 4272 1293 4330 S.
1331 4271 1547 4343 Cyrilli.

623 4380 971 4438 Humanitas
1001 4379 1113 4435 hoc
1144 4379 1320 4435 modo
1353 4379 1414 4434 in
1455 4378 1747 4450 sapientia
1793 4377 2075 4450 proficie-

426 4471 545 4528 bat.
580 4475 724 4529 Gum
760 4471 1082 4543 Sapientia,
1119 4469 1228 4525 hoc
1260 4475 1346 4525 σει.
1376 4469 1478 4525 Dei
1506 4469 1782 4537 Verbum,
1805 4475 2078 4525 naturam

2145 575 2645 648 quemadmodum
2675 593 2808 633 cum
2838 593 3014 634 carne
3045 592 3286 650 passum
3333 592 3473 632 esse
3529 576 3819 646 dicimus,

2146 667 2414 738 quamvis
2436 667 2565 723 sola
2595 684 2730 723 caro
2763 684 2934 739 passa
2971 668 3070 729 sit,
3120 665 3629 739 quandoquidem
3684 667 3825 723 licet

2147 772 2266 811 non
2300 773 2509 830 passus
2529 754 2607 810 sit
2636 763 2928 827 quatenus
2956 755 3110 811 Deus
3143 763 3291 817 erat,
3337 772 3566 827 corpus
3612 762 3819 812 tamen

2148 847 2277 915 ejus
2308 845 2611 917 proprium
2635 862 2871 917 passum
2898 850 3018 900 est:
3048 844 3129 899 ita
3159 845 3345 900 etiam
3378 845 3680 916 profieere
3730 845 3821 900 di-

2148 941 2337 996 catur,
2360 934 2590 990 nullum
2626 942 2921 1006 quatenus
2951 933 3100 988 Deus
3118 933 3465 1006 percipiens
3484 934 3819 990 incremen-

2148 1029 2297 1090 tum,
2331 1023 2441 1078 hoc
2473 1022 2694 1078 idcirco
2728 1022 2970 1089 dicitur,
3001 1022 3142 1094 quia
3169 1022 3232 1077 in
3255 1022 3387 1094 ipso
3412 1024 3658 1096 propria
3688 1025 3819 1097 ejus

2149 1129 2285 1168 caro
2319 1111 2686 1184 proficiebat.

2614 1221 2674 1278 S.
2713 1221 2945 1275 Joannis
2984 1217 3340 1276 Damasceni.

2222 1332 2309 1387 55.
2345 1329 2670 1403 Sapientia.
2705 1336 2765 1385 et
2792 1334 2987 1396 etate,
3022 1335 3081 1387 et
3137 1330 3330 1402 gratia
3379 1330 3681 1401 proficere
3725 1330 3812 1386 di-

2153 1420 2353 1475 citur:
2386 1427 2559 1477 rotate
2614 1419 2853 1492 quidem
2904 1435 3201 1479 crescens.
3255 1420 3571 1492 relatisque
3622 1421 3818 1477 incre-

2153 1517 2352 1566 mento
2368 1509 2719 1582 sapientiam
2740 1510 2853 1565 sibi
2872 1510 3118 1566 insitam
3133 1511 3196 1565 in
3212 1517 3481 1581 apertum
3499 1527 3822 1576 exercens,

2153 1599 2355 1656 adlimc
2385 1600 2692 1655 hominum
2718 1601 2779 1655 in
2794 1601 3090 1672 sapientia
3113 1609 3173 1656 et
3203 1603 3387 1672 gratia
3404 1617 3820 1674 progressum,

2155 1696 2534 1761 pateramque
2564 1689 3012 1762 approbationis
3060 1691 3514 1762 perfectionem,
3547 1691 3677 1745 sive
3708 1690 3824 1744 ho-

2158 1780 2386 1834 minum
2420 1779 2492 1834 de
2513 1780 2693 1833 rebus
2740 1779 2957 1835 divinis
3005 1780 3406 1852 cognitionem
3441 1787 3497 1835 et
3526 1780 3817 1845 salutem,

2078 1861 2123 1927 Β
2157 1869 2462 1942 proprium
2521 1870 2849 1943 profectum
2908 1870 3155 1933 faciens,
3208 1871 3441 1943 sibique
3498 1870 3663 1943 quod
3708 1887 3817 1926 no-

2157 1965 2342 2015 strum
2378 1966 2467 2015 est
2496 1961 2672 2032 plane
2703 1960 3177 2017 accommodans.
3224 1963 3514 2017 Cmterum
3563 1964 3663 2033 qui
3725 1977 3822 2016 sa-

2154 2051 2377 2122 pientia
2406 2056 2465 2104 et
2491 2050 2679 2123 gratia
2710 2050 2904 2120 ipsum
2959 2050 3041 2105 ita
3086 2052 3403 2123 profecisse
3458 2052 3696 2117 dicunt,
3749 2056 3816 2105 ut

2155 2140 2265 2195 hoc
2296 2138 2454 2195 velut
2485 2138 2812 2195 auctarium
2845 2140 3157 2211 acceperit,
3200 2141 3242 2195 ii
3274 2156 3553 2196 vesanum
3612 2141 3809 2197 secuti

2157 2230 2486 2286 Nestorium
2509 2231 2607 2285 sch
2618 2230 2695 2285 eti
2704 2246 2833 2285 eam
2849 2246 2954 2285 seu
2972 2229 3255 2285 relativam
3274 2230 3412 2301 conj
3419 2232 3801 2298 unctionem,

2156 2319 2496 2389 nudamque
2518 2318 3015 2374 inhabitationem
3041 2320 3711 2383 comminiscuntur,nec
3731 2336 3810 2376 ea

2163 2425 2295 2480 quae
2328 2408 2535 2464 dicunt
2559 2415 2968 2481 agnoscentes,
3000 2425 3107 2465 nec
3139 2426 3205 2464 ea
3258 2425 3388 2480 quas
3438 2414 3815 2464 asseverant.

2166 2498 2222 2552 Si
2257 2499 2415 2553 enim
2449 2515 2584 2553 caro
2616 2496 2805 2554 Verbo
2839 2515 2971 2554 vere
3003 2501 3322 2568 conjuncta
3348 2504 3462 2562 est,
3511 2515 3650 2554 cum
3690 2499 3818 2569 pri-

2160 2604 2326 2644 mum
2363 2604 2491 2643 esse.
2519 2589 2695 2660 capit
2721 2588 2806 2642 vel
2855 2588 3047 2661 potius
3079 2589 3139 2643 in
3173 2589 3299 2660 ipso
3324 2588 3619 2653 substitit,
3644 2589 3825 2660 hypo-

2161 2678 2552 2749 staticamque
2585 2693 2691 2733 seu
2723 2678 3094 2748 personalem
3130 2695 3261 2733 cum
3288 2678 3417 2750 ipso
3443 2677 3820 2734 identitatem

2162 2767 2359 2827 subiit,
2397 2767 2539 2839 quid
2592 2767 2788 2823 obstat
2832 2768 3155 2839 quominus
3202 2769 3437 2824 cunctis
3484 2769 3819 2841 sapientiae,

2161 2858 2481 2929 gratiaeque
2515 2856 2808 2913 thesauris
2840 2866 3124 2914 exornata
3152 2858 3332 2913 fuerit
3353 2857 3380 2913 i’

2794 2987 2952 3041 CAP.
2995 2986 3180 3043 LXIX.

2165 3096 2237 3150 Et
2267 3092 2385 3149 lure
2413 3095 2792 3165 superioribus
2839 3094 2897 3150 in
2944 3096 3338 3151 Auamma-um
3383 3097 3814 3165 confulationea

2082 3190 2127 3258 ρ
2236 3165 2789 3258 adnectendasunt:
2835 3169 2927 3222 An
2970 3167 3180 3223 Filium
3228 3169 3400 3223 Pater
3449 3172 3811 3232 austeritas,

2239 3254 2327 3293 ηε(
2340 3254 2409 3294 ne
2445 3241 2719 3309 genuerit.

2240 3343 2615 3416 Objiciebant
2641 3346 2910 3403 Anommi
2942 3345 3409 3419 sophisticamm
3465 3348 3814 3421 argutiarum

2172 3436 2369 3508 potius
2400 3452 2579 3507 quam
2612 3436 2924 3509 theologia
2956 3437 3168 3509 periti:
3201 3439 3687 3495 Exsistentemue
3714 3438 3827 3493 Pa-

2174 3530 2265 3581 ter
2293 3524 2529 3591 Filium,
2561 3541 2769 3582 annon
2796 3526 3185 3583 exsistentem
3217 3528 3475 3600 genuit?
3520 3542 3737 3599 easque
3764 3527 3825 3582 in

2177 3614 2477 3688 angustias
2495 3614 2659 3686 pium
2686 3631 2985 3687 quemque
3004 3616 3196 3672 virum
3220 3616 3574 3687 conjiciunt,
3599 3623 3667 3671 ut
3686 3614 3828 3687 quid

2175 3719 2573 3776 responsurus
2602 3704 2700 3766 sit.
2733 3705 2987 3778 ignoret.
3020 3707 3166 3762 Nam
3196 3706 3246 3761 si
3295 3707 3677 3763 exsistentem
3726 3720 3824 3777 ge-

2178 3794 2381 3849 nuisse
2413 3794 2788 3866 respondeat,
2833 3794 2922 3850 illi
2974 3795 3087 3851 hoc
3134 3811 3472 3867 responsum
3522 3795 3821 3851 cachinno

2179 3883 2477 3956 excipient
2506 3890 2561 3938 et
2591 3882 2966 3955 replicahunt
2991 3900 3005 3938 :
3039 3885 3151 3950 Qui
3176 3900 3296 3938 vero
3325 3884 3451 3937 fieri
3493 3888 3713 3953 potest,
3744 3887 3813 3934 ut

2179 3973 2231 4029 is
2261 3978 2603 4029 nascantur.
2633 3972 2734 4045 qui
2779 3972 2921 4028 est?
2969 3972 3084 4029 hoc
3143 3973 3293 4029 enim
3328 3970 3654 4026 absurdum
3701 3976 3821 4025 est.

2181 4058 2345 4125 Quod
2378 4060 2424 4114 si
2460 4059 2846 4116 exsistentem
2877 4061 3246 4132 negaverint,
3267 4057 3605 4129 subjicient,
3624 4059 3833 4128 itaque

2182 4147 2461 4216 inferant,
2494 4164 2806 4221 superesse
2838 4154 2903 4203 ut
2946 4149 3130 4203 fuerit
3176 4155 3431 4220 tempus,
3480 4163 3602 4218 quo
3650 4146 3843 4202 Filius

2182 4254 2304 4295 non
2338 4238 2534 4293 fuerit.
2568 4239 2752 4303 Quam
2789 4237 3030 4310 quidem
3079 4237 3408 4311 syllogismi
3458 4243 3847 4311 argumenta-

2183 4325 2435 4385 ῐὶοιιίενθ
2466 4327 2785 4385 formulam
2820 4344 2941 4384 non
2969 4343 3168 4384 veram
3199 4343 3332 4384 esse
3360 4334 3856 4383 commonstraus

2186 4434 2435 4491 magnus
2468 4417 2563 4473 ille
2597 4417 2773 4474 rebus
2805 4418 2867 4474 in
2897 4415 3246 4491 theologicis
3274 4417 3605 4491 Gregorius
3636 4418 3862 4474 similia

2188 4507 2485 4565 similibus
2515 4508 2784 4565 confutat
2806 4508 2920 4563 hoc
2947 4507 3147 4564 modo.

430 4561 723 4619 induisset
747 4561 1094 4629 humanam,
1126 4559 1296 4615 factis
1328 4566 1386 4615 et
1413 4558 1780 4615 admirandis
1802 4558 2054 4631 operibu:

430 4659 439 4670 ι
464 4668 472 4670 ξ
505 4668 515 4670 _
556 4651 647 4670 ,1”
676 4667 710 4670 _-
762 4667 781 4670 _
829 4667 879 4670 λ,
922 4656 1283 4670 A_,s____-_n____
1331 4649 1509 4670 ___sl2_
1533 4648 1885 4670 2_.n__-_a!____
1930 4648 2038 4670 J2“:

2257 4601 2436 4655 Estne
2457 4604 2689 4669 tempus
2704 4598 2763 4654 in
2786 4604 3273 4670 tempore,necne
3289 4597 3526 4656 ?Porro
3545 4598 3863 4656 sciendum

427 4651 717 4723 templum
758 4667 792 4705 a
824 4667 886 4706 se
918 4656 1290 4722 assumptum
1323 4648 1891 4705 oculisintuentium
1924 4648 2075 4704 divi-

430 4757 574 4797 num
628 4740 935 4809 exhibens,
985 4740 1179 4812 ipsum
1226 4741 1514 4813 proficere
1562 4739 1831 4796 faciebat.
1884 4743 2075 4811 Atque

429 4832 541 4888 hoc
578 4836 752 4903 pacto
787 4830 1129 4886 humanitas
1159 4829 1219 4885 in
1255 4829 1546 4902 sapientia
1568 4828 2074 4901 proficiebat,cum

426 4936 534 4992 per
564 4937 693 4977 eam
725 4920 922 4976 divina
951 4920 1141 4977 ﬂeret.

953 5028 1214 5101 Ejusdem
1242 5028 1298 5083 S.
1332 5028 1549 5100 ουν-ειη.

497 5142 584 5197 54.
637 5138 1131 5210 Quandoquidem
1192 5135 1477 5208 proiicere
1525 5134 1832 5208 proprium
1882 5135 2080 5192 carnis

430 5238 538 5289 est.
595 5231 863 5288 Christus
923 5228 1212 5302 proficere
1267 5226 1505 5296 dicitur,
1564 5233 1629 5282 ut
1687 5243 1757 5284 ea
1812 5226 2078 5294 indutus,

428 5325 479 5396 ej
493 5339 679 5395 usque
713 5321 1059 5379 affectiones
1090 5317 1205 5375 sibi
1236 5317 1715 5375 accommodans.
1750 5318 1866 5373 Nec
1916 5317 2079 5373 enim

501 5474 551 5509 ³⁸³
579 5474 753 5535 Hebr.
790 5492 884 5546 ru,
914 5479 1005 5532 25.
1082 5476 1127 5511 ⁴⁰
1154 5475 1179 5530 Ι
1207 5472 1355 5531 Tim.
1388 5488 1447 5545 ιι,
1479 5477 1532 5529 5.
1609 5471 1653 5508 ⁴¹
1687 5472 1821 5530 Luc.
1857 5489 1919 5543 ιι,
1948 5472 2042 5529 52.

2185 4693 2276 4746 est
2291 4686 2450 4759 quod
2470 4686 2542 4744 de
2572 4692 2839 4760 tempore
2858 4687 3249 4760 interrogare,
3266 4692 3479 4744 utrum
3506 4688 3575 4745 in
3600 4695 3865 4764 tempore

2185 4778 2279 4835 sit.
2310 4794 2388 4835 an
2421 4794 2564 4847 non,
2597 4793 2802 4834 eorum
2836 4793 2957 4835 non
2987 4783 3076 4833 est
3097 4794 3230 4849 quin
3254 4776 3383 4833 fieri
3412 4786 3867 4851 possunt,tem-

2186 4885 2298 4941 pus
2315 4868 2473 4923 enim
2494 4868 2568 4923 iis
2585 4884 2715 4939 quas
2730 4874 2869 4924 sunt
2883 4866 3342 4938 haudquaquam
3361 4867 3871 4938 accensetur,sed

2188 4958 2260 5015 iis
2283 4974 2417 5029 quae
2446 4955 2742 5014 accidunt.
2775 4956 3289 5023 Quemadmodum
3322 4957 3500 5014 enim
3558 4967 3770 5016 motus
3820 4961 3876 5016 in

2188 5047 2535 5121 corporibus
2565 5047 2801 5115 dicitur,
2828 5047 2915 5103 sic
2946 5053 3180 5118 tempus
3212 5062 3519 5105 mensura
3545 5055 3758 5108 motus
3775 5056 3878 5108 est.

2188 5136 2335 5193 Nam
2367 5135 2456 5191 sol
2488 5151 2701 5208 corpus
2731 5141 2820 5190 est
2851 5134 3011 5206 quod
3043 5141 3315 5190 movetur
3347 5151 3360 5189 :
3394 5140 3661 5210 tempus
3684 5146 3881 5196 autem

2190 5242 2473 5284 mensura
2495 5231 2688 5282 motus
2719 5225 2868 5297 ejus.
2892 5226 3098 5297 Itaque
3122 5230 3357 5297 tempus
3386 5241 3627 5287 eorum
3652 5246 3784 5288 non
3802 5234 3885 5287 est

2190 5334 2321 5390 quas
2350 5316 2709 5385 subsistunt,
2731 5315 2838 5373 sed
2867 5331 3002 5388 quas
3031 5314 3501 5387 subsequuntur
3534 5320 3689 5395 (Tt).

503 5627 617 5710 gn)
662 5626 826 5710 ξιιιιιο
883 5628 1106 5685 nodum
1162 5626 1407 5702 pulchre
1466 5625 1732 5684 dissolvit
1785 5625 2145 5684 Themistius
2202 5622 2404 5685 Pletho
2459 5623 2596 5683 libri
2655 5623 3050 5697 posteriorum
3110 5621 3371 5682 Platonis
3434 5623 3872 5693 defensionum

429 5696 800 5772 Mod.
