4058 6212
289 372 431 440 1641

1642 359 1747 427 ΤΗ
1757 360 2036 426 ESAUBI
2072 361 2225 426 LIB.
2271 359 2344 427 ν.

3546 363 3699 428 14η

347 511 634 567 Caeterum
665 506 1058 565 admirandus
1087 502 1433 561 Aristoteles
1476 499 1690 558 veteris
1721 500 1922 557 adver-
1962 501 2016 571 Α
2048 498 2299 557 Mentior
2353 499 2609 568 dixerit;
2643 501 2769 557 haec
2827 505 2916 558 est
2968 500 3340 558 affirmativa.
3378 503 3554 573 Atqui
3590 520 3706 561 nec

288 601 470 659 sarius
483 594 1314 669 Academiae,prmceptorique
1330 592 1561 649 Platoni
1578 590 1931 655 contrarius,

290 691 495 747 coelum
527 689 752 744 factum
787 702 936 751 esse,
996 692 1175 756 atque
1234 699 1269 738 a
1319 680 1572 754 quodam
1623 679 1936 752 temporali

291 782 449 855 signo
484 776 936 835 conversionem
982 773 1374 829 orbicularem
1410 771 1678 843 ccepisse.
1711 775 1770 827 at
1800 786 1934 826 cum

287 872 407 943 ipso
441 876 675 940 tempus
707 882 939 938 quoque
988 880 1109 919 una
1151 861 1487 918 substitisse
1532 860 1773 928 dicenti,
1808 861 1933 933 ipse

288 968 517 1033 tempus
547 964 834 1013 aeternum
867 952 1213 1012 introducit.
1243 958 1302 1008 et
1332 952 1546 1008 coelum
1579 950 1932 1024 ingenitum.

283 1052 351 1106 At
381 1051 553 1104 Pater
580 1046 677 1102 hic
709 1044 1057 1112 Gregorius:
1113 1044 1288 1097 Estne
1336 1047 1590 1114 tempus,
1625 1041 1841 1113 inquit,
1873 1041 1935 1094 in

283 1144 563 1209 tempore.
614 1133 849 1191 necne?
898 1134 1009 1188 hoc
1056 1138 1145 1188 est
1192 1147 1268 1187 an
1317 1132 1658 1187 universum
1702 1136 1933 1201 tempus

284 1232 542 1298 tempore
572 1224 772 1279 locum
821 1223 975 1278 inter
1033 1239 1125 1277 res
1176 1227 1402 1278 creatas
1433 1220 1660 1285 habuit,
1693 1236 1767 1275 an
1797 1235 1932 1275 vero

200 1293 217 1309 ’
285 1332 398 1371 una
440 1331 576 1370 cum
627 1329 826 1369 rerum
880 1312 1261 1368 universitate
1313 1312 1439 1367 sine
1494 1317 1760 1382 tempore
1791 1308 1931 1365 sub-

284 1404 473 1460 stitit?
503 1404 645 1459 Nam
678 1403 726 1459 si
770 1409 1039 1475 tempore
1088 1408 1356 1457 creatum
1406 1406 1514 1471 est,
1550 1401 1764 1472 inquit,
1799 1399 1930 1455 uni-

285 1511 516 1553 versum
548 1512 667 1552 non
690 1500 799 1563 est,
825 1511 956 1550 cum
981 1492 1144 1548 aliud
1168 1498 1404 1564 tempus
1427 1490 1929 1564 deprehendatur:

285 1586 453 1660 cujus
484 1585 726 1659 quidem
783 1583 1141 1640 intermedio
1195 1590 1331 1653 tem.
1360 1599 1428 1638 us
1460 1581 1646 1638 evasit
1676 1586 1928 1651 tempus.

286 1676 382 1733 Sin
443 1676 643 1732 minus
703 1680 969 1746 tempore
1028 1689 1238 1728 earens
1296 1678 1530 1744 tempus
1586 1669 1929 1726 introducit.

286 1765 445 1831 Quod
478 1765 525 1820 si
560 1765 637 1820 sit
676 1769 907 1836 tempus
939 1763 1067 1818 sine
1116 1766 1403 1834 tempore,
1438 1761 1531 1816 vix
1564 1760 1728 1816 aliud
1758 1759 1935 1830 quid-

283 1854 438 1920 piam
470 1853 722 1925 tempori
754 1852 1120 1921 subjicietur.
1154 1849 1319 1916 Quod
1350 1849 1399 1904 si
1443 1853 1649 1905 contra
1678 1849 1741 1903 in
1782 1855 1933 1904 tem-

281 1959 419 2017 pOI'e
459 1941 643 2006 dicas,
703 1942 774 1997 de
831 1940 928 1996 illo
986 1956 1192 1994 rursus
1222 1938 1306 1995 sic
1337 1937 1723 2009 interrogabit
1767 1936 1925 2008 quis-

281 2031 456 2104 piam.
491 2047 566 2087 an
598 2029 743 2085 illud
794 2045 1029 2102 quoque
1076 2028 1139 2084 in
1190 2034 1479 2100 tempore,
1512 2044 1588 2083 an
1620 2027 1746 2082 sine
1779 2030 1930 2082 tem-

283 2137 423 2193 pore
456 2120 550 2176 sit-

353 2212 556 2283 Itaque
588 2211 764 2266 Pater
785 2209 1097 2283 Gregorius
1120 2208 1421 2281 pleriSque
1445 2207 1681 2264 omissis
1706 2223 1834 2280 quae
1858 2205 1928 2261 de

282 2305 548 2371 tempore
578 2297 797 2354 frustra
827 2299 924 2355 hic
973 2310 1428 2371 exponerentur,
1462 2304 1691 2354 tantum
1725 2297 1796 2353 de
1826 2296 1930 2351 illo

279 2389 606 2461 proposuit,
642 2396 931 2460 quantum
962 2389 1071 2443 sibi
1116 2388 1190 2443 ad
1237 2388 1626 2458 quaestionem
1662 2386 1930 2457 proposi-

280 2484 399 2533 tam
434 2478 708 2532 sufticere
750 2478 939 2532 visum
998 2482 1100 2532 est.
1166 2476 1439 2541 Quamvis
1471 2476 1628 2530 enim
1660 2474 1839 2529 dubia
1869 2475 1928 2530 in

280 2573 596 2638 utramque
628 2572 854 2637 partem
888 2566 1135 2639 quaestio
1158 2582 1288 2621 esse
1312 2565 1599 2630 videatur,
1629 2581 1699 2619 ea
1729 2571 1928 2620 tamen

281 2674 399 2713 non
433 2664 541 2713 est.
576 2674 693 2728 qua
723 2657 969 2712 omnino
1002 2657 1181 2712 dubia
1222 2656 1298 2711 sit
1366 2657 1482 2712 Nec
1511 2654 1672 2712 enim
1705 2654 1755 2709 si
1787 2654 1930 2725 quid

278 2749 477 2803 minus
536 2747 596 2801 in
658 2747 941 2819 temporis
993 2746 1373 2819 protensione
1406 2745 1601 2801 fuerit.
1647 2744 1755 2800 hoc
1801 2746 1928 2814 jam

277 2839 403 2892 sine
444 2842 713 2908 tempore
745 2843 852 2891 est.
896 2837 1184 2891 Caeterum
1232 2841 1463 2906 tempus
1504 2835 1630 2889 sine
1662 2842 1927 2906 tempore

276 2942 395 2982 non
429 2933 535 2996 est,
570 2925 728 2997 quod
756 2941 890 2980 cum
924 2932 1097 2981 antea
1126 2941 1246 2980 non
1273 2931 1448 2983 esset.
1474 2931 1680 2995 postea
1709 2923 1928 2979 factum

280 3021 389 3072 est.
420 3016 639 3087 quippe
697 3014 854 3086 quod
914 3014 1001 3070 sol
1058 3020 1117 3069 et
1170 3014 1317 3070 luna
1358 3014 1762 3069 dimetiantur.
1798 3030 1928 3085 quae

278 3103 402 3161 solo
434 3104 728 3160 Creatoris
758 3104 931 3159 verbo
975 3103 1152 3159 simul
1206 3109 1266 3160 et
1308 3102 1494 3159 semel
1542 3107 1738 3160 creata
1769 3110 1927 3159 sunt.

349 3194 576 3261 Quibus
629 3194 990 3250 dilemmatis
1020 3199 1080 3249 et
1108 3194 1219 3249 hoc
1265 3199 1576 3249 arcenset:
1630 3195 1793 3250 Nunc
1825 3209 1927 3266 ego

273 3286 557 3351 mentior,
589 3286 641 3340 ei
674 3284 866 3340 simile
900 3283 1059 3357 quod
1098 3283 1170 3340 de
1206 3289 1471 3355 tempore
1504 3284 1928 3355 praecedil.Hoc

270 3375 472 3446 itaque
504 3375 822 3430 dilemma:
855 3376 1021 3429 Nunc
1052 3389 1156 3445 ego
1202 3373 1478 3439 mentior,
1519 3390 1657 3429 vera
1687 3374 1927 3445 quidem

271 3462 419 3518 dicit
447 3463 508 3518 in
539 3464 609 3518 iis
642 3479 772 3535 quae
819 3463 1143 3518 mentitur:
1196 3462 1485 3518 mentitur
1532 3468 1731 3518 autem
1764 3463 1823 3517 in
1854 3463 1928 3516 iis

267 3569 400 3624 quae
432 3568 568 3608 vera
598 3552 794 3607 dicere
818 3558 1009 3624 putes.
1040 3553 1337 3609 Caeterum
1367 3552 1473 3608 hac
1506 3552 1569 3608 in
1602 3552 1928 3623 quaestione

264 3642 658 3714 proponenda
686 3642 1013 3714 Tlieologus
1046 3643 1207 3699 hisce
1240 3643 1434 3699 verbis
1470 3644 1695 3699 utitur:
1742 3642 1928 3715 Hujus

264 3730 671 3788 dilemmatis:
734 3733 898 3788 Nunc
937 3748 1041 3805 ego
1102 3733 1378 3797 mentior,
1413 3733 1662 3789 alteram
1697 3740 1929 3805 partem

262 3819 547 3885 concede,
580 3821 669 3876 vel
701 3838 837 3877 vera
863 3820 1059 3878 dicere
1092 3829 1345 3889 tantum,
1378 3822 1471 3879 vel
1507 3822 1763 3879 mentiri.
1802 3828 1928 3878 Non

263 3910 425 3967 enim
457 3917 771 3983 utramque
802 3910 1215 3968 concedamus.
1270 3913 1417 3977 Quia
1466 3913 1628 3967 enim
1679 3911 1929 3983 putabat

263 3999 642 4054 adversarius
672 4000 950 4055 omnibus
992 4000 1054 4054 in
1103 4000 1537 4070 quaestionibus
1570 4015 1769 4054 veram
1802 4015 1929 4054 esse

270 4086 650 4160 negationem
710 4086 805 4141 vel
858 4085 1340 4152 al'flrmationem,
1405 4086 1624 4141 idcirco
1657 4087 1832 4142 Pater
1860 4104 1931 4142 ea

271 4175 362 4233 illi
398 4174 663 4230 obtrudit
713 4174 773 4230 in
822 4191 903 4247 qu
926 4174 1036 4232 bus
1083 4175 1382 4231 contraria
1427 4190 1782 4232 concurrere
1848 4176 1933 4230 vi-

272 4265 534 4322 dentur:
570 4280 679 4320 nec
712 4264 841 4320 fieri
881 4268 1075 4336 potest
1117 4270 1182 4319 ut
1227 4264 1415 4319 altera
1442 4264 1684 4336 quidem
1716 4282 1930 4338 propo-

275 4353 418 4410 sitio
450 4369 586 4409 vera
615 4353 713 4422 sit,
747 4353 936 4410 altera
965 4369 1100 4411 vero
1126 4353 1313 4410 falsa:
1365 4354 1467 4409 sed
1499 4359 1558 4412 et
1586 4354 1691 4411 illa
1717 4359 1777 4411 et
1807 4354 1931 4411 haec

271 4459 417 4499 vera
446 4443 625 4500 simul
657 4450 716 4500 et
745 4442 893 4501 falsa
922 4449 1029 4499 est.
1066 4445 1152 4499 ita
1180 4459 1357 4517 porro
1403 4460 1466 4499 se
1493 4444 1673 4501 habet
1702 4445 1811 4502 hoc
1840 4445 1933 4500 di-

270 4532 526 4589 lemma:
552 4533 719 4590 Nunc
740 4549 845 4608 ego
871 4532 1142 4589 mentior.
1167 4534 1463 4591 Ponamus
1484 4535 1826 4607 quempiam
1850 4535 1933 4591 ita

2043 591 2354 659 mentitur,
2388 591 2656 662 quamvis
2686 591 2949 648 Mentior
2979 590 3216 657 dixerit,
3250 593 3375 648 hanc
3406 598 3495 647 est
3524 610 3708 667 nega-

2045 679 2199 747 tiva;
2234 681 2389 736 unde
2423 681 2764 737 concludit:
2801 682 2951 747 Quid
2984 697 3121 754 ergo
3153 681 3395 748 mirum,
3418 684 3465 737 si
3495 688 3560 738 ut
3591 684 3700 738 hoc

2043 770 2106 825 in
2138 770 2483 826 dilemmate
2509 771 2810 827 contraria
2839 781 3223 828 concurrunt.
3248 772 3329 827 ita
3358 778 3422 826 ut
3453 777 3702 844 utraque

2042 860 2368 933 propositio
2391 862 2600 932 partim
2627 860 2775 917 falsa
2806 862 3020 933 partim
3044 878 3182 917 vera
3198 862 3701 934 deprehendatur,

2041 949 2125 1006 ita
2158 951 2336 1006 etiam
2370 954 2430 1006 in
2463 957 2564 1008 tua
2623 950 2960 1022 objectione
3021 951 3209 1006 ambae
3239 952 3703 1024 propositiones,

2043 1039 2259 1111 quibus
2291 1041 2486 1112 ipsum
2514 1041 2742 1096 mentiri
2771 1040 3075 1096 dividitur.

2113 1131 2492 1202 lnterrogasti
2527 1147 2602 1186 an
2634 1130 3020 1186 exsistentem
3053 1133 3228 1186 Pater
3257 1131 3700 1191 Filium.annon

2041 1220 2429 1276 exsistentem
2452 1219 2766 1293 genuerit?
2794 1221 2905 1293 Ego
2932 1225 3131 1275 autem
3157 1220 3260 1275 tibi
3284 1221 3655 1293 respondebo
3685 1238 3698 1277 :

2036 1311 2154 1367 Nec
2187 1312 2573 1366 exsistentem
2604 1312 2829 1383 genuit,
2867 1327 2978 1366 nec
3007 1327 3126 1366 non
3158 1310 3568 1367 exsistentem.
3611 1313 3698 1368 Tu

2038 1418 2197 1463 vero.
2231 1402 2369 1474 quia
2402 1420 2522 1457 non
2572 1402 2957 1458 exsistentem
3006 1403 3283 1474 genuisse
3332 1402 3477 1467 dixi.
3513 1418 3586 1459 ne
3619 1404 3699 1459 ita

2038 1491 2305 1564 accipito.
2330 1492 2497 1564 quasi
2522 1491 2903 1547 exsistentem
2930 1492 3208 1561 genuisse
3231 1492 3540 1548 confessus
3565 1494 3702 1548 sim.

2039 1582 2360 1652 Utramque
2391 1582 2551 1637 enim
2584 1580 3011 1654 propositionis
3041 1588 3270 1653 partem
3300 1587 3368 1637 ut
3397 1582 3457 1637 in
3488 1598 3702 1655 praece-

2040 1669 2317 1726 dentibus
2346 1669 2711 1726 dilemmatis
2743 1687 2940 1726 veram
2994 1686 3122 1726 esse
3172 1671 3482 1744 contingit.
3522 1673 3699 1743 Atqui

2037 1758 2368 1832 Theologus
2397 1759 2509 1815 hoc
2537 1764 2707 1830 pacto
2737 1759 3085 1830 quaestionis
3116 1759 3545 1816 absurditatem
3577 1761 3701 1817 dis-

2041 1847 2233 1904 solvit.
2291 1846 2413 1902 Dici
2470 1852 2666 1902 autem
2730 1853 2927 1918 potest
2981 1848 3366 1903 exsistentem
3420 1850 3635 1905 Filium
3667 1866 3702 1906 a

2042 1894 2233 1904 νυν--.
2291 1894 2413 1902 -.η
2472 1894 2586 1902 η-.
2612 1894 2666 1902 -..
2731 1894 2926 1918 την--
2983 1894 3065 1903 ν...
3090 1894 3366 1903 ----.--..---
3422 1894 3635 1905 -........
3667 1894 3699 1906 ι.

1963 1894 2008 1960 Β
2041 1938 2209 1993 Patre
2240 1935 2507 2009 genitum
2533 1951 2696 2000 esse;
2722 1941 2898 2006 atque
2929 1936 3012 1991 ita
3035 1937 3244 1992 vicisse
3273 1938 3699 1995 adversarium.

2038 2025 2204 2093 Quod
2234 2023 2492 2080 naturali
2548 2025 2633 2080 sic
2693 2024 2955 2097 probabo
2998 2026 3312 2098 exemplo:
3347 2028 3435 2081 sol
3469 2029 3700 2084 radium

2038 2115 2242 2187 gignit,
2278 2122 2337 2170 et
2364 2114 2566 2169 radius
2606 2114 2806 2185 jubar.
2862 2117 2951 2169 An
3001 2130 3137 2187 ergo
3184 2116 3272 2171 sol
3313 2116 3547 2171 radium
3581 2133 3700 2172 non

2041 2204 2425 2261 exsistentem
2457 2203 2662 2275 gignit,
2696 2207 2798 2258 aut
2838 2201 3044 2259 radius
3068 2203 3298 2273 jubar?
3326 2205 3466 2270 Quis
3496 2211 3697 2261 autem

2041 2298 2333 2368 quotquot
2364 2310 2626 2364 unquam
2658 2293 2930 2348 vixerunt
2980 2292 3313 2359 hominum,
3347 2294 3531 2350 solem
3567 2296 3695 2352 sine

2039 2383 2224 2439 radiis
2252 2383 2445 2438 vidit?
2473 2389 2577 2438 aut
2601 2382 2834 2438 radium
2857 2383 2985 2438 sine
3009 2383 3372 2455 splendore?
3404 2386 3606 2456 Itaque
3640 2391 3699 2442 et

2038 2482 2343 2550 generant.
2377 2481 2436 2531 et
2487 2475 2831 2531 exsistenlia
2885 2481 3189 2545 generant.
3247 2477 3374 2533 Non
3401 2478 3562 2532 enim
3596 2478 3696 2533 di-

2037 2568 2175 2623 vina
2200 2583 2263 2622 se
2296 2566 2536 2637 habent,
2600 2572 2666 2620 ut
2721 2582 3024 2637 corporea.
3086 2566 3235 2632 Quia
3265 2584 3374 2623 nos
3403 2584 3536 2623 cum
3574 2585 3694 2623 non

2041 2673 2324 2723 essemus,
2376 2662 2581 2727 postea
2631 2655 2752 2711 nati
2808 2672 3035 2712 sumus.
3088 2659 3163 2711 At
3212 2656 3271 2711 in
3333 2656 3509 2711 rebus
3563 2674 3693 2728 quan

2040 2749 2304 2820 quamvis
2326 2764 2571 2819 corpore
2594 2752 2886 2812 constent,
2911 2747 3111 2804 divina
3132 2754 3332 2803 tamen
3358 2754 3496 2804 sunt
3524 2765 3693 2804 secus

2041 2853 2102 2892 se
2135 2853 2229 2892 res
2261 2836 2457 2892 habet.
2492 2836 2656 2901 Quod
2688 2837 2735 2891 si
2789 2836 2915 2891 hanc
2947 2836 3030 2891 ita
3060 2852 3123 2891 se
3154 2835 3432 2893 habeant.
3469 2842 3691 2907 quanto

2039 2926 2226 2999 magis
2254 2926 2626 2997 incorporea,
2657 2926 2716 2980 in
2744 2925 2960 2996 quibus
2991 2926 3235 2981 effectus
3265 2941 3298 2980 a
3330 2926 3523 2981 causis
3556 2942 3696 2999 pro-

2039 3015 2278 3085 cedunt,
2304 3014 2495 3088 iisque
2527 3016 2734 3071 insunt
2761 3022 2821 3070 et
2848 3014 2921 3071 ad
2954 3032 3053 3070 eas
3084 3015 3553 3071 convertuntur?

2685 3125 2840 3180 CAP.
2886 3124 3053 3179 LXX.

2153 3225 2411 3296 Epilogus
2459 3225 2624 3280 totius
2653 3224 2995 3349 Arianorum
3028 3230 3080 3279 et
3127 3224 3593 3279 Eunomianorum

2767 3312 3007 3349 atreseos.

2767 3312 2987 3352 FPTBSCOS
2994 3336 3007 3351 .

2112 3389 2193 3442 Ea
2223 3392 2349 3444 erat
2381 3386 2654 3447 Eunomii
2714 3392 2774 3441 et
2828 3386 3125 3442 haereseos
3177 3384 3307 3457 ejus
3339 3389 3700 3441 sectatorum

2043 3493 2571 3547 successorumque
2625 3478 2940 3533 sententia.
2973 3483 3041 3530 ut
3086 3478 3319 3531 Patrem
3356 3476 3603 3544 primam
3641 3479 3699 3531 et

2040 3566 2345 3638 propriam
2368 3566 2692 3621 essentiam
2715 3583 2728 3630 ;
2753 3564 2968 3620 deinde
2990 3564 3221 3629 Filium,
3248 3563 3349 3635 qui
3372 3562 3500 3633 ejus
3523 3563 3702 3617 inter-

2041 3654 2236 3710 medio
2285 3654 2608 3728 productus
2651 3658 2845 3710 esset:
2899 3659 3198 3724 postremo
3245 3651 3526 3721 Spiritum
3559 3666 3697 3705 san-

2040 3750 2221 3801 clum.
2246 3760 2372 3801 eam
2399 3760 2530 3814 quae
2552 3740 3019 3813 praecedentium
3041 3739 3235 3793 neutri
3261 3742 3699 3793 accenseretur.

2040 3833 2317 3898 Quamvis
2348 3839 2547 3889 autem
2573 3831 2789 3886 Filium
2829 3845 2863 3885 a
2904 3828 3094 3884 Patris
3126 3826 3387 3882 essentia
3416 3827 3695 3898 sejunge-

2039 3927 2193 3983 rent,
2224 3925 2424 3975 tamen
2445 3934 2605 3973 nunc
2628 3916 2836 3973 eodem
2859 3922 2919 3972 et
2939 3931 3066 3971 com
3079 3916 3239 3971 muni
3264 3915 3491 3970 honore
3519 3916 3702 3971 Deum

2040 4009 2235 4079 ipsum
2265 4006 2677 4079 appellabant:
2704 4021 2863 4061 nunc
2885 4003 3090 4061 eodem
3119 4004 3383 4059 nomine.
3413 4004 3703 4061 Caeterum

2039 4096 2386 4168 reprehensi
2419 4096 2493 4150 ab
2526 4093 2894 4159 orthodoxis,
2927 4092 3087 4166 quod
3122 4093 3246 4148 ﬁeri
3282 4110 3400 4149 non
3422 4098 3702 4166 possit,ut

2039 4186 2219 4243 Filius
2250 4184 2459 4242 eodem
2493 4191 2552 4241 et
2582 4184 2819 4258 proprio
2870 4184 3111 4240 nomine
3161 4184 3315 4239 Deus
3342 4183 3698 4256 appelletur,

2039 4274 2483 4348 respondebant
2497 4275 2996 4346 homonymorum
3011 4288 3128 4328 non
3147 4288 3330 4327 unum
3353 4270 3701 4335 assensum.

2042 4365 2147 4423 sed
2180 4365 2359 4420 etiam
2392 4363 2740 4420 secundum.
2774 4380 2891 4435 quo
2944 4361 3185 4434 quidem
3219 4362 3581 4432 homonyma
3609 4360 3700 4416 di-

2041 4456 2198 4512 versi
2232 4461 2372 4511 sunt
2416 4455 2652 4525 generis
2683 4460 2743 4509 et
2773 4460 3024 4525 utraque
3075 4450 3351 4524 propria:
3406 4466 3702 4522 canesque

2041 4550 2387 4602 terrestrem
2439 4554 2499 4602 et
2555 4545 2873 4611 marinum,
2934 4543 3032 4614 qui
3094 4542 3440 4612 homonymi
3474 4548 3612 4599 sunt
3644 4546 3703 4596 et

265 4622 498 4681 dixisse
525 4641 538 4678 :
574 4626 688 4698 Ego
719 4641 879 4681 nunc
936 4624 1215 4693 mentior,
1270 4641 1381 4683 nec
1412 4625 1529 4682 alio
1562 4626 1934 4698 praecedente
1970 4618 2011 4681 D
2042 4635 2282 4710 proprie
2314 4632 2612 4691 dicuntur.
2635 4634 2752 4691 Nec
2774 4632 2936 4689 enim
2962 4631 3115 4689 alter
3135 4630 3372 4704 proprie
3404 4630 3557 4687 alter
3585 4629 3695 4688 im-

270 4733 559 4774 sermone
591 4717 886 4778 intulisse,
923 4715 1027 4773 sed
1058 4717 1314 4790 primum
1350 4716 1608 4773 dixisse:
1635 4718 1800 4774 Nunc
1832 4734 1935 4792 ego

269 4806 577 4873 mentior;
609 4806 1117 4879 dispiciamusque
1146 4823 1224 4862 an
1255 4806 1451 4862 locum
1483 4806 1579 4862 hic
1601 4807 1814 4864 habeat
1837 4824 1935 4865 ne-

271 4897 477 4971 gativa
506 4897 852 4969 propositio,
908 4913 984 4953 an
1041 4896 1248 4969 utique
1306 4896 1497 4953 solum
1530 4913 1667 4954 vera
1698 4898 1931 4967 dixerit,

269 5003 357 5043 an
390 5003 525 5043 vero
558 4986 842 5043 mentitus
891 4985 983 5042 sit.
1030 4986 1157 5042 Jam
1213 4986 1261 5042 si
1311 4985 1472 5042 dicas
1511 5002 1646 5043 eum
1678 5004 1813 5044 vera
1842 4987 1935 5042 di-

264 5076 458 5141 xisse,
487 5077 877 5149 consequitur
906 5092 1144 5149 quoque
1198 5083 1266 5132 ut
1316 5075 1603 5132 mentitus
1653 5077 1748 5142 sit,
1807 5077 1932 5150 ipse

266 5165 439 5222 enim
471 5165 542 5221 de
574 5166 771 5238 seipso
816 5166 1113 5239 proponit.
1147 5163 1313 5232 Quod
1357 5166 1404 5221 si
1459 5167 1770 5223 mentitum
1802 5183 1932 5223 esse

258 5253 458 5315 dicas.
492 5262 654 5312 certe
684 5271 825 5312 vera
855 5271 1090 5327 quoque
1124 5254 1321 5310 dicere
1354 5254 1605 5311 videtur.
1658 5257 1735 5310 Eo
1769 5256 1930 5312 enim

258 5338 405 5410 ipso
435 5353 570 5395 vera
593 5338 925 5411 dicit,quod
946 5337 1185 5394 mentiri
1212 5354 1274 5393 se
1295 5338 1514 5395 fatetur
1532 5354 1546 5402 ;
1566 5339 1931 5412 omninoque

259 5443 526 5484 necesse
585 5434 676 5485 est
732 5434 799 5485 ut
856 5427 1234 5485 mendacium
1266 5427 1482 5483 veritas
1534 5432 1592 5482 et
1623 5428 1929 5486 veritatem

258 5515 657 5575 mendacium
689 5517 1127 5590 subsequatur:
1177 5516 1461 5574 utramvis
1507 5516 1667 5573 enim
1698 5524 1929 5577 contra-

253 5606 554 5664 dictionis
586 5615 815 5679 partem
838 5607 1229 5677 concesseris,
1251 5606 1457 5662 eadem
1480 5622 1661 5678 opera
1680 5608 1929 5667 alteram

249 5713 511 5779 quoque
566 5698 975 5774 assumpsisti.
1038 5703 1111 5756 At
1167 5698 1471 5767 mentitur,
1532 5697 1746 5772 inquit,
1792 5718 1929 5762 cum

2046 4726 2285 4800 proprie
2318 4724 2505 4790 canis,
2540 4722 2643 4779 sed
2674 4730 2924 4795 uterque
2973 4721 3236 4793 proprie,
3286 4720 3346 4776 id
3387 4728 3499 4784 est,
3540 4717 3699 4790 quod

2047 4813 2283 4870 dicitur.
2306 4816 2497 4885 Atque
2520 4811 2656 4868 inde
2684 4812 2825 4875 orsi,
2849 4810 2998 4866 nihil
3029 4810 3266 4866 obstare
3296 4807 3698 4868 afﬁrmabant.

2045 4904 2368 4976 quominus
2421 4908 2481 4958 et
2527 4904 2702 4958 Pater
2752 4907 2811 4957 et
2856 4900 3042 4957 Filius
3093 4899 3303 4956 eodem
3356 4904 3415 4955 et
3458 4898 3699 4971 proprio

2044 4994 2288 5050 nomine
2320 4994 2474 5049 Deus
2505 4991 2863 5065 appelletur.

2114 5084 2404 5139 Caeterum
2436 5082 2577 5138 illos
2608 5096 2856 5152 magnus
2887 5079 2988 5135 ille
3018 5080 3195 5135 Pater
3223 5076 3539 5151 Gregorius
3573 5083 3704 5133 tan-

2043 5188 2221 5245 quam
2254 5171 2478 5228 absona
2525 5170 2789 5226 dicentes
2830 5167 3150 5241 redarguit.
3191 5168 3513 5224 Terrestris
3542 5168 3700 5223 enim

2042 5277 2230 5327 canis,
2262 5261 2480 5332 inquit,
2522 5266 2583 5315 et
2636 5258 2903 5315 marinus
2959 5273 3133 5329 pares
3174 5262 3313 5314 sunt
3345 5255 3698 5319 substantia.

2041 5349 2336 5422 amboque
2368 5347 2635 5423 ejusdem
2663 5347 2945 5419 temporis
2967 5351 3026 5402 et
3046 5346 3349 5407 dignitatis
3377 5345 3696 5418 participes

2042 5439 2405 5496 efﬁciuntur.
2441 5440 2555 5494 Nec
2586 5441 2675 5493 est
2704 5435 2863 5507 quod
2893 5434 3057 5491 dicas
3097 5434 3256 5490 hunc
3296 5434 3535 5505 quidem
3569 5450 3695 5489 ma-

2040 5530 2129 5603 gis
2181 5544 2311 5585 esse
2357 5527 2772 5590 substantiam,
2826 5525 2992 5582 illum
3039 5541 3176 5580 vero
3224 5523 3466 5579 minus?
3503 5540 3696 5593 neque

2041 5621 2201 5676 hunc
2229 5619 2416 5691 prius.
2448 5618 2617 5674 illum
2654 5615 2948 5689 posterius
2978 5615 3181 5671 fuisse.
3219 5615 3436 5687 Estque
3465 5613 3611 5668 adeo
3635 5613 3692 5665 in

2043 5724 2259 5769 canum
2289 5708 2567 5782 exemplo
2601 5705 2768 5782 quasi
2813 5703 3085 5778 quaedam
3129 5703 3377 5767 diversis
3408 5703 3467 5763 in
3498 5702 3684 5790 rebus,
